3634 5800
653 905 790 956 m).
827 889 1050 972 1169.]
1531 903 1893 953 mus-roms.
2652 888 2781 952 193

657 1095 1103 1182 supplicantes
1165 1099 1246 1159 ut
1307 1115 1444 1160 non
1513 1093 1945 1180 acquiescatis
2012 1092 2424 1180 suggestioni
2492 1091 2773 1178 alicujus

657 1196 892 1274 clerici,
937 1197 1138 1262 etiam
1183 1197 1242 1260 si
1271 1196 1635 1282 primatiali
1655 1195 1680 1234 ¹
1723 1195 2013 1282 fulgeret
2056 1193 2393 1280 dignitate
2438 1194 2771 1280 praeclara,

659 1299 716 1363 si
759 1299 834 1363 in
877 1299 1122 1385 apertis
1167 1298 1410 1364 litteris
1454 1299 1626 1386 regis
1672 1298 1851 1384 quod
1896 1297 2133 1363 honori
2172 1302 2397 1362 vestro
2442 1296 2772 1382 expediat,

659 1405 862 1485 prout
902 1419 1347 1487 saepenumero
1412 1399 1823 1486 propositum
1870 1404 1988 1475 est,
2036 1418 2171 1462 non
2238 1398 2589 1484 recipiatis.
2684 1397 2773 1462 Et

657 1520 968 1586 rogamus
1011 1507 1089 1566 ut
1131 1501 1674 1567 festinantissime
1743 1521 2082 1566 cursorem
2125 1499 2237 1564 vel
2286 1499 2599 1565 clericum
2646 1499 2768 1565 ali-

659 1622 857 1687 quem
921 1602 1006 1666 ad
1072 1623 1192 1668 nos
1257 1624 1466 1688 usque
1530 1603 1842 1679 mittatis,
1904 1623 2024 1688 per
2090 1622 2287 1686 quem
2352 1599 2769 1668 voluntatem
2794 1622 3019 1689 Request

657 1707 946 1768 vestram
990 1704 1196 1781 nobis,
1244 1705 1300 1768 si
1365 1704 1596 1790 placet,
1645 1704 1979 1791 aperiatis,
2026 1722 2150 1768 nec
2194 1706 2462 1768 tantum
2512 1703 2767 1768 defera-
2792 1689 3109 1825 ξ’ζίξέξωγ

656 1806 745 1870 tis
819 1806 1136 1892 magistro
1211 1805 1551 1883 Gratiano,
1628 1812 1709 1872 ut
1782 1804 2101 1872 honorem
2178 1803 2496 1869 carissimi
2570 1803 2887 1873 amiciunt
2905 1825 2969 1876 be
2986 1825 3092 1874 dis-

657 1907 879 1984 vestri‚
911 1907 1234 1994 praecipui·
1277 1906 1644 1972 defensoris
1688 1908 1762 1971 in
1807 1906 2077 1972 ecclesia
2122 1905 2443 1984 Romana,
2482 1907 2768 1992 penitus,
2794 1892 3057 1954 mm·

655 2031 935 2095 persona
977 2014 1218 2086 nostra,
1267 2009 1682 2076 conculcetis.

1550 2434 1863 2501 DOXXI.

697 2586 1136 2654 GILEBERTUS
1181 2589 1704 2654 LoNnomsnsls
1748 2604 2121 2656 nnsoorus
2164 2605 2261 2654 An
2307 2588 2733 2656 Mmsnum

1587 2688 1841 2756 DAvm.

1331 2843 1456 2907 (ν’.
1486 2847 1578 2893 1411
1601 2867 1615 2905 ;
1646 2843 1901 2905 Liverani,
1924 2847 2067 2908 642.)

742 2968 1080 3035 Gilbertus
1124 2970 1252 3035 Dei
1322 2972 1540 3059 gratia
1585 2972 2063 3038 Londoniensis
2109 2972 2453 3057 episcopus
2520 2971 2761 3037 dilecto

650 3070 790 3136 filio
834 3078 903 3138 et
947 3073 1158 3137 amico
1212 3094 1331 3137 suo
1391 3074 1728 3140 carissimo
1796 3073 2117 3161 magistro
2183 3071 2412 3137 David
2460 3073 2761 3149 salutem,

647 3172 948 3258 gratiam,
995 3180 1066 3238 et
1110 3174 1653 3241 benedictionem.

739 3273 903 3354 Quae
948 3280 1194 3341 vestra·
1212 3275 1380 3340 mihi
1424 3277 1772 3343 nuntiavit
1816 3277 2097 3363 epistola
2142 3276 2357 3341 multa
2387 3276 2756 3363 gratiarum
2785 3274 3021 3390 ἓδῖιξέᾶῐδ

651 3377 910 3442 actione
955 3378 1226 3463 suscepi,
1283 3377 1426 3463 jam
1491 3400 1671 3445 nunc
1738 3379 2218 3445 obsecrationes
2286 3385 2353 3443 et
2421 3399 2641 3465 preces
2688 3378 2759 3442 in
2784 3350 3067 3459 assffoungg

651 3475 773 3576 lloc
818 3477 1060 3543 obnixe
1105 3480 1466 3565 porrigenS,
1531 3485 1612 3544 ut
1675 3480 1852 3565 quod
1898 3480 2068 3543 mihi
2130 3479 2358 3545 littera
2426 3480 2755 3565 significa·
2782 3471 2929 3587 ὶξξὴο
2968 3538 3007 3581 ,ἢ

653 3584 798 3643 tum
873 3586 977 3644 est
1051 3601 1246 3665 opere
1322 3580 1651 3666 complere
1728 3580 1973 3657 velitis,
2050 3585 2119 3644 et
2193 3588 2435 3645 vestrae
2512 3582 2757 3647 mentis
2780 3555 3037 3667 219me1,

647 3680 954 3746 affectum
987 3701 1142 3767 erga
1186 3704 1292 3745 me
1338 3678 1526 3765 ejus²
1557 3683 1736 3766 quod
1780 3682 2045 3769 postulo
2094 3681 2441 3747 declaretis
2484 3684 2751 3749 affectu.
2782 3670 3087 3738 tothepope.

647 3779 955 3846 Probatio
1021 3803 1310 3866 namque
1377 3782 1753 3848 dilectionis
1822 3782 2148 3848 exhibitio
2195 3784 2407 3867 operis
2427 3782 2453 3821 ³
2497 3790 2615 3860 est,
2686 3790 2755 3850 et

646 3890 954 3971 operatur
998 3906 1181 3949 amor
1227 3906 1486 3970 magna,
1552 3886 1608 3949 si
1679 3891 1812 3965 est3
1885 3887 1942 3950 si
1989 3906 2145 3950 vero
2190 3887 2447 3970 operari
2512 3888 2751 3963 renuit,

644 4006 828 4051 amor
901 4008 1038 4052 non
1113 3992 1231 4051 est.
1321 3987 1406 4050 In
1480 3989 1720 4052 amoris
1799 3988 2007 4073 igitur
2031 4056 2044 4067 ,
2075 3989 2605 4073 experimentum
2683 3996 2752 4055 et

643 4090 1194 4154 remunerationis
1258 4090 1603 4175 condignae
1649 4091 1995 4176 praemium
2042 4089 2319 4176 postu10‚
2388 4096 2465 4155 ut
2528 4113 2747 4156 meum

643 4190 728 4255 ad
797 4213 1086 4277 praesens
1157 4212 1325 4255 onus
1393 4212 1512 4277 pro
1577 4197 1766 4277 parte
1813 4190 2203 4277 suscipiatis,
2265 4197 2333 4255 et
2396 4214 2615 4257 meum
2662 4196 2747 4259 ad

641 4292 982 4357 dominum
1063 4314 1299 4379 papam
1376 4292 1758 4369 adventum,
1830 4298 1969 4357 tam
2045 4292 2176 4377 ipsi
2252 4314 2455 4377 quam
2504 4294 2741 4374 Curioe‚

639 4392 1041 4481 significetis,
1109 4415 1194 4457 ex
1257 4397 1446 4478 parte
1513 4398 1650 4457 tam
1696 4397 1925 4457 nostra
1972 4413 2172 4477 quam
2222 4399 2444 4457 vestra
2496 4396 2745 4483 suppli-

641 4494 868 4571 cando,
913 4499 982 4558 et
1045 4494 1558 4559 sollicitudinem
1606 4498 1927 4579 quantam
1996 4494 2305 4579 poteritis
2350 4496 2743 4574 adhibendo,

705 4710 722 4741 ¹
753 4711 1013 4775 primarie,
1038 4711 1108 4769 V,
1133 4710 1193 4759 L.
1801 4710 1823 4741 ³
1860 4716 1933 4759 est
1978 4710 2161 4773 operis,
2202 4716 2247 4758 et
2288 4717 2533 4775 operatur
2564 4728 2743 4777 maqna
2925 4688 2991 4732 ς

701 4789 723 4821 ²
755 4789 972 4848 enixius,
995 4788 1107 4838 Liv.
1733 4802 1891 4849 amor,
1914 4788 2030 4837 Liv.

814 4906 847 4940 0
875 4894 1054 4941 12478.
2422 4910 2471 4958 N
