3634 5800
860 859 995 922 246.
1738 877 2094 926 nrls‘ronAE.
2580 864 2736 946 [an.
2773 863 2969 926 1169·

856 1061 969 1125 tur
1013 1063 1085 1126 in
1128 1085 1217 1142 se,
1249 1069 1333 1143 et,
1381 1066 1512 1131 nisi
1558 1089 1675 1152 per
1705 1088 1825 1131 vos
1871 1067 2155 1144 steterit,
2187 1069 2429 1134 exinde
2475 1089 2733 1154 semper
2779 1067 2966 1132 eritis

814 1195 821 1200 ·
857 1165 929 1228 in
975 1165 1195 1230 Deum
1242 1166 1592 1234 Pharaoni.
1688 1169 1929 1247 Homo,
1976 1171 2154 1234 inter
2200 1177 2440 1236 caetera
2485 1171 2728 1256 quibus
2772 1170 2962 1235 inno·

855 1267 993 1332 tuit
1054 1269 1494 1336 familiaribus
1562 1275 1632 1336 et
1694 1270 1952 1348 vicinis,
1991 1271 2093 1336 -in
2162 1295 2238 1338 eo
2285 1273 2574 1336 maxime
2638 1273 2962 1358 gloriatur

856 1372 1033 1454 quod
1101 1372 1481 1458 explorator
1546 1395 1804 1464 morum
1875 1379 1993 1450 est,
2041 1375 2365 1472 bonoruffp
2427 1375 2800 1457 insidiator,
2848 1374 2958 1438 de-

854 1473 1049 1554 lusor,
1096 1480 1167 1539 et
1227 1476 1515 1556 derisni-5
1578 1481 1657 1540 ut
1702 1478 1762 1541 si
1828 1477 1998 1542 forte
2043 1479 2324 1542 verbum
2372 1477 2708 1542 incautius
2755 1475 2956 1539 alicui

854 1575 1173 1652 elabatur,
1204 1578 1452 1654 statim,
1502 1578 1824 1643 adhibitis
1871 1579 2158 1672 testibus
2205 1581 2394 1672 qpasi
2441 1579 2566 1644 sub
2619 1581 2954 1664 praetextu

852 1677 1116 1763 injuriae
1160 1700 1296 1744 suae
1340 1679 1448 1745 vel
1496 1681 1734 1746 erroris
1778 1680 2000 1757 alieni,
2061 1681 2290 1766 fugam
2336 1687 2544 1768 paret,
2593 1685 2673 1743 ut
2727 1676 2954 1763 juste¹

850 1780 1151 1845 recedere
1219 1780 1546 1846 videatur.
1674 1781 1846 1848 Cum
1927 1802 2083 1869 ergo
2157 1783 2610 1860 convenietur,
2674 1781 2803 1845 erit
2878 1779 2952 1842 in

850 1885 1031 1948 omni
1070 1905 1220 1948 ·re·-
1251 1882 1631 1950 adhibenda
1704 1886 2048 1964 modestia,
2115 1908 2164 1956 ‚a
2240 1885 2665 1970 multiloquio
2741 1882 2949 1946 absti-

848 1985 1159 2050 nendum.
2533 2049 2546 2056 ,

510 2083 621 2158 [rhe
636 2082 809 2147 points
934 2087 1223 2154 Articuli
1246 2087 1273 2128 2
1334 2109 1548 2154 causae
1595 2091 1978 2154 summatim
2034 2091 2456 2176 colligantur,
2505 2087 2946 2154 insistendum

510 2165 732 2264 {ssoffoe'
846 2189 1233 2276 diligentius
1296 2195 1377 2255 ut
1442 2193 1856 2276 respondeat-
1899 2193 1986 2258 ad
2049 2195 2404 2280 proposita,
2483 2191 2796 2277 quoniam
2861 2211 2944 2253 ex

842 2292 1319 2358 consuetudine
1400 2293 1709 2378 dyscolus
1797 2301 1915 2360 est.
2039 2295 2255 2382 Super
2329 2295 2556 2360 omnia
2611 2292 2942 2379 fugiendae

507 2407 769 2471 Adjourn-
844 2395 1195 2460 dilationes
1238 2415 1405 2480 quas
1450 2394 1563 2460 ille
1608 2417 1867 2482 semper
1925 2399 2272 2464 consuevit
2317 2399 2645 2474 inducere,
2691 2401 2760 2459 et
2804 2413 2940 2468 voS‚

506 2482 814 2592 ffeeffiziissd.
842 2502 1119 2582 urgente
1184 2497 1499 2560 mandato
1566 2499 1942 2583 apostoli00‚
1969 2533 1978 2538 -
2005 2500 2359 2565 admittere
2423 2520 2558 2563 non
2617 2495 2938 2582 potestis3

839 2621 958 2663 nec
986 2644 995 2654 e
1022 2599 1295 2684 expedit
1354 2603 1434 2662 ut
1500 2599 1848 2664 consilium
1913 2605 2207 2665 vestrum
2225 2601 2252 2640 ³
2294 2601 2494 2665 alicui
2547 2600 2936 2671 innotescat,

839 2702 997 2786 quia
1028 2702 1397 2788 scorpiones
1443 2707 1603 2766 sunt
1652 2703 1766 2788 qui
1810 2703 2047 2768 faciem
2093 2704 2446 2788 praeferent
2467 2703 2494 2742 ⁴·
2555 2703 2932 2770 amicorum.

840 2802 1461 2868 Commodissimum
1508 2825 1667 2884 vero
1714 2803 1984 2870 videtur
2029 2806 2376 2870 exordium
2405 2827 2448 2870 a
2491 2803 2738 2868 litteris
2769 2823 2937 2886 quas

836 2904 897 2969 ei
920 2905 947 2943 ⁶
990 2906 1299 2971 dominus
1344 2926 1519 2991 papa
1564 2907 1954 2985 transmisit,
2003 2907 2246 2993 quibus
2291 2911 2582 2973 testatur
2643 2905 2772 2969 sibi
2817 2926 2934 2989 per

835 3008 1093 3075 litteras
1140 3014 1210 3074 et
1270 3010 1543 3074 nuntios
1588 3010 1763 3095 regis
1809 3010 2256 3095 significatum
2302 3032 2441 3075 esse
2486 3010 2666 3094 quod
2710 3008 2887 3071 idem
2905 3005 2933 3043 ⁶

834 3131 951 3175 rex
994 3112 1479 3197 archiepiscopo
1526 3110 1992 3177 Cantuariensi
2037 3117 2443 3177 concesserat
2487 3117 2567 3175 ut
2595 3112 2684 3175 ad
2730 3109 2930 3175 eccle-⁴

834 3212 1001 3277 siam
1045 3234 1235 3279 suam
1276 3214 1351 3277 in
1396 3214 1575 3278 omni
1622 3214 1975 3279 securitate
2005 3213 2249 3290 redeat,
2296 3228 2366 3278 et
2425 3214 2527 3277 sui
2574 3234 2800 3277 omnes
2839 3212 2929 3275 ad

832 3333 969 3393 sua,
1016 3314 1313 3379 habituri
1356 3315 1795 3399 possessiones
1841 3334 1994 3379 suas
2039 3335 2264 3378 omnes
2310 3314 2483 3379 sicut
2527 3336 2638 3379 eas
2689 3313 2925 3378 melius

826 3414 1203 3481 habuerunt
1244 3416 1405 3480 dum
1450 3415 1523 3479 in
1567 3415 1785 3501 gratia
1827 3416 1999 3501 regis
2047 3420 2282 3479 essent.

490 3526 599 3578 The
622 3528 729 3581 kias
916 3517 1258 3583 Secundus
1317 3518 1638 3584 articulus
1707 3522 1826 3595 est,
1872 3521 1954 3581 ut
2013 3518 2293 3582 eundem
2363 3518 2921 3603 archiepiscopum

484 3594 551 3709 gg
563 3604 794 3716 {mg}
821 3618 895 3683 in
942 3619 1162 3685 osculo
1224 3620 1405 3705 pacis
1456 3620 1775 3705 recipiat3
1837 3640 1984 3704 quae
2041 3620 2254 3684 forma
2323 3620 2634 3685 solemnis
2703 3626 2804 3685 est
2847 3619 2920 3683 in

820 3722 1000 3785 omni
1052 3726 1251 3807 gente
1294 3725 1365 3785 et
1409 3722 1481 3785 in
1544 3721 1726 3786 omni
1794 3720 2128 3804 religione,
2175 3725 2245 3785 et
2290 3721 2458 3787 citra
2503 3743 2700 3807 quam
2763 3743 2918 3785 nus-

820 3844 1019 3908 quam
1083 3843 1221 3908 pax
1265 3826 1465 3888 antea
1532 3822 2002 3887 dissidentium
2064 3822 2535 3902 confirmatur;
2595 3844 2718 3887 nec
2777 3828 2918 3887 tam

816 3926 1065 3991 vicario
1110 3924 1232 3988 filii
1277 3922 1451 4009 regis
1496 3925 1716 3990 osculo
1744 3924 2089 3990 videretur
2117 3924 2644 4011 archiepiscopus
2689 3947 2916 4012 pacem

816 4027 1138 4111 recepisse
1182 4048 1225 4091 a
1289 4046 1459 4111 rege,
1508 4046 1707 4110 quam
1768 4027 1842 4090 in
1909 4026 2034 4089 filii
2081 4027 2222 4111 ejus
2290 4029 2578 4113 gratiam
2623 4029 2910 4093 rediisse.

817 4128 1009 4208 Quod
1057 4128 1333 4193 verbum
1380 4128 1436 4191 si
1482 4128 1683 4192 semel
1728 4126 2074 4193 audiretur
2134 4128 2208 4192 in-
2271 4130 2488 4207 turba‚
2533 4135 2770 4215 patens
2813 4136 2916 4193 est

814 4249 1011 4314 quam
1056 4229 1269 4294 facilis
1314 4227 1725 4315 malignandi
1754 4230 2072 4294 adversus
2101 4248 2330 4313 pacem
2377 4230 2614 4295 initam
2645 4232 2914 4295 daretur

812 4333 1075 4397 occasio.
1168 4330 1261 4396 Et
1324 4330 1382 4394 si
1434 4328 1923 4416 archiepiscopo
1983 4330 2190 4416 (quod
2258 4330 2462 4419 absit)
2513 4354 2696 4399 secus
2746 4333 2913 4398 acci-

870 4598 889 4631 ¹
918 4602 1069 4663 iuste,
1092 4601 1163 4660 A,
1187 4600 1251 4662 O,
1277 4600 1349 4659 23
1384 4604 1537 4659 recte,
1556 4599 1619 4653 L.
1974 4598 1995 4629 ⁴
2020 4598 2320 4663 prqferunt,
2343 4600 2406 4651 L.

869 4678 892 4711 ²
925 4677 1160 4738 artic-ule,
1179 4680 1249 4739 A,
1273 4678 1335 4731 Ο.
1871 4706 1880 4730 2
1975 4678 1993 4711 ⁵
2027 4678 2091 4739 ei,
2114 4679 2186 4743 A,
2211 4680 2290 4743 03
2325 4682 2413 4741 eis,
2437 4681 2498 4731 L.

867 4754 888 4789 ³
921 4763 1147 4817 vestrum,
1168 4756 1237 4817 A,
1263 4756 1341 4817 03
1374 4764 1611 4817 nostrum,
1635 4756 1695 4806 L.
1971 4756 1992 4788 ⁶
2025 4756 2171 4820 idem,
2193 4774 2294 4809 om.
2320 4760 2382 4811 L.
