3634 5800
877 884 1009 947 484
1756 898 2116 948 Ems‘rom.
2603 884 2761 967 [Am.
2798 854 2989 950 1171.

878 1102 998 1146 sua
1042 1082 1383 1167 provincia
1428 1082 1823 1160 constitutis,
1871 1083 2149 1149 salutem
2195 1088 2264 1148 et
2317 1080 2744 1168 apostolicam
2787 1082 2986 1147 bene-

880 1183 1253 1249 dictionem.

543 1309 671 1373 May
696 1312 776 1358 14.
972 1286 1055 1349 In
1099 1286 1473 1372 apostolicae
1518 1288 1690 1352 sedis
1736 1286 2020 1372 specula,
2052 1286 2210 1351 licet
2251 1286 2587 1363 immeriti,
2617 1286 2984 1363 constituti,

542 1372 811 1491 {ffifg'tiffi
880 1388 1333 1453 universorum
1383 1408 1702 1466 exceSSUS,
1732 1409 1853 1473 per
1894 1409 2014 1453 nos
2059 1393 2180 1453 aut
2236 1410 2355 1475 per
2400 1410 2509 1454 eos
2554 1388 2669 1473 qui
2712 1392 2872 1453 sunt
2915 1389 2990 1452 in

542 1505 647 1557 diet
669 1522 788 1569 pro-
884 1493 1138 1576 partem
1208 1489 1669 1555 sollicitudinis
1738 1489 1928 1554 nobis
2003 1490 2366 1555 commissae
2428 1490 2770 1575 assumpti,
2837 1510 2986 1575 pro-

542 1573 861 1691 ?fffflffiby
884 1593 1042 1657 vida
1085 1591 1398 1657 debemus
1440 1590 2016 1677 circumspectione
2077 1592 2412 1678 corrigere,
2460 1598 2530 1658 et
2573 1592 2986 1677 singulorum

546 1704 731 1769 bishop
757 1704 817 1755 of
888 1692 1219 1759 erratibus
1267 1691 1633 1778 pontificali
1667 1688 2092 1758 moderantia
2141 1693 2426 1771 obviare,
2475 1714 2579 1771 ne,
2625 1692 2816 1758 nobis
2853 1692 2988 1757 dis-

547 1772 696 1823 Sene.
885 1794 1369 1872 simulantibus,
1415 1794 1585 1859 vitia
1630 1795 1984 1859 videantur
2029 1795 2396 1859 virtutibus
2455 1794 2830 1880 praevalere.
2925 1793 2989 1858 A

886 1897 1203 1961 memoria
1246 1895 1569 1979 siquidem
1616 1900 1844 1959 nostra
1871 1915 2007 1959 non
2037 1895 2284 1961 excidit
2333 1895 2618 1981 qualiter
2661 1916 2782 1980 pro
2827 1914 2989 1980 pace

886 2004 1131 2065 sanctae
1194 1997 1659 2063 recordationis
1720 1998 2006 2074 Thomas,
2054 1994 2435 2063 Cantuariae
2497 1996 2989 2083 archiepiscopi,

890 2102 990 2186 (cu
990 2100 1103 2185 jus
1162 2100 1403 2178 anima,
1470 2098 1613 2164 Deo
1680 2098 1854 2164 sicut
1917 2098 2242 2165 credimus
2306 2099 2595 2185 pretioso
2661 2098 2990 2185 martyrio

884 2203 1199 2279 dedicata,
1276 2202 1345 2266 in
1420 2200 1599 2267 caelis
1670 2222 1821 2266 cum
1882 2202 2126 2266 sanctis
2187 2201 2472 2284 habitat)
2532 2200 2734 2285 juxta
2794 2200 2990 2267 officii

883 2304 1094 2369 nostri
1159 2303 1458 2368 debitum
1520 2301 1785 2368 solliciti
1851 2308 1920 2367 et
1963 2303 2199 2388 vigiles
2259 2302 2670 2381 exsistentes
2717 2324 2990 2368 venera-

884 2405 1133 2471 bilibus
1178 2404 1497 2470 fratribus
1541 2404 1784 2470 nostris
1816 2404 2150 2469 Willelmo
2197 2404 2582 2482 Senonensi,
2615 2405 2990 2491 apostolicae

888 2507 1061 2573 sedis
1104 2507 1339 2593 legate,
1384 2510 1454 2571 et
1498 2505 1849 2589 Ro[trodo]
1913 2504 2428 2591 Rothomagensi
2488 2505 2989 2592 archiepiscopis

886 2610 1421 2674 mandaverimus
1484 2613 1580 2687 ut,
1627 2608 1683 2671 si
1731 2629 1851 2672 rex
1902 2607 2269 2693 Anglorum
2316 2607 2378 2671 ei
2420 2607 2755 2673 ecclesiam
2803 2628 2990 2671 suam

886 2713 960 2776 in
1022 2711 1202 2777 omni
1261 2731 1421 2797 pace
1489 2718 1557 2775 et
1619 2709 1928 2774 libertate
1996 2729 2132 2773 non
2196 2709 2584 2786 dimitteret,
2630 2714 2698 2774 et
2766 2709 2993 2775 ablata

884 2834 1021 2878 non
1066 2812 1463 2891 restitueret,
1494 2832 1614 2876 nec
1646 2832 1874 2896 pacem
1905 2832 2106 2896 quam
2153 2832 2373 2875 secum
2419 2810 2666 2875 fecerat
2711 2810 2994 2876 firmiter

886 2901 1321 2991 conservaret,
1382 2921 1624 2979 terram
1686 2913 1828 2998 ejus
1899 2913 2338 2979 Cismarinam
2412 2913 2768 2980 interdicto
2837 2914 2991 2979 sub-

879 3017 1202 3102 jicerent3
1248 3020 1317 3081 et
1346 3015 1403 3080 si
1452 3021 1727 3100 uterque
1758 3013 1982 3099 aliquo
2031 3035 2188 3079 casu
2234 3015 2550 3078 interesse
2593 3034 2727 3078 non
2772 3021 2992 3100 posset

887 3120 999 3184 vel
1044 3119 1271 3196 nollet,
1300 3117 1469 3182 alter
1513 3116 1947 3181 nihilominus
1983 3116 2375 3181 mandatum
2405 3121 2707 3180 nostrum
2739 3117 2993 3182 studio-

888 3222 1029 3284 sius
1093 3219 1499 3305 adimpleret.
1616 3217 1789 3298 Quia
1861 3239 2035 3295 ver0,
2081 3218 2568 3303 praenominato
2631 3217 2990 3304 Ro[trodo]

893 3320 1362 3407 Rotomagensi
1456 3319 1723 3384 nolente
1819 3319 2208 3384 mandatum
2301 3325 2603 3384 nostrum
2695 3324 2989 3407 exsequi,

886 3425 959 3489 id
1003 3446 1122 3509 per
1163 3424 1307 3509 jam
1356 3422 1611 3488 'dictum
1682 3422 2123 3487 Senonensem
2194 3426 2296 3488 est
2340 3422 2793 3507 adimpletum,
2845 3445 2988 3503 nos,

890 3527 971 3591 de
1048 3525 1382 3592 communi
1448 3525 1729 3590 fratrum
1804 3529 2177 3589 nostrorum
2239 3523 2529 3602 consilio,
2587 3526 2989 3591 sententiam

887 3650 1087 3713 quam
1149 3626 1323 3692 idem
1392 3625 1932 3712 archiepiscopuS,
1977 3626 2060 3691 de
2123 3623 2436 3690 mandato
2483 3630 2552 3689 et
2594 3629 2989 3695 auctoritate

888 3736 1129 3810 nostra,
1178 3730 1251 3792 in
1296 3734 1509 3793 totam
1540 3732 1783 3792 terram
1834 3727 2270 3792 Cismarinam
2301 3726 2600 3812 praedieti
2647 3729 2820 3814 regis
2850 3731 2992 3795 An-

888 3833 1039 3919 gliae
1100 3829 1448 3917 protulisse
1509 3827 1919 3914 dignoscitur
1979 3831 2190 3892 ratam
2237 3833 2306 3891 et
2351 3827 2608 3892 firmam
2652 3827 2990 3908 habentes,

890 3941 960 4001 et
1005 3956 1148 3999 eam
1194 3932 1590 3998 auctoritate
1636 3929 1996 4016 apostolica
2041 3929 2520 4006 confirmanteS‚
2566 3929 2992 3999 universitati

888 4041 1127 4101 vestrae
1191 4054 1309 4119 per
1374 4031 1733 4117 apostolica
1790 4029 2039 4115 scripta
2097 4031 2537 4116 praecipiendo
2581 4031 2990 4110 mandamus,

892 4143 961 4203 et
1005 4138 1079 4200 in
1124 4135 1376 4202 virtute
1422 4133 1831 4208 obedientioe,
1879 4132 2001 4196 sub
2045 4131 2336 4218 periculo
2389 4132 2636 4197 ordinis
2682 4140 2752 4198 et
2797 4133 2993 4201 officii

895 4238 1121 4315 vestri,
1180 4236 1615 4323 praecipimus,
1678 4239 2006 4319 quatenus
2081 4233 2377 4298 eamdem
2447 4236 2846 4300 sententiam
2915 4237 2988 4302 in

896 4349 1075 4408 terra
1138 4362 1285 4425 quae
1360 4343 1461 4404 est
1522 4338 1594 4401 in
1640 4337 1892 4401 ditione
1957 4337 2302 4402 memorati
2365 4338 2554 4422 regis,
2626 4358 2834 4422 usque
2902 4339 2988 4404 ad

766 4431 771 4435 ’
892 4445 1164 4530 dignam
1210 4440 1742 4519 satisfactionem,
1788 4439 2068 4502 firmiter
2130 4445 2198 4503 et
2256 4437 2731 4505 inviolabiliter
2774 4441 2993 4505 obser-

893 4546 1081 4622 vetis,
1129 4549 1199 4608 et
1241 4541 1327 4607 ab
1394 4541 1544 4606 aliis
1612 4541 1872 4606 faciatis
1935 4539 2410 4605 inviolabiliter
2473 4540 2826 4617 observari,
2873 4563 2994 4608 nec

893 4647 1135 4733 aliquis
1180 4650 1474 4711 vestrum
1542 4665 1687 4710 eam
1750 4643 2064 4720 relaxare,
2110 4642 2217 4708 vel
2285 4647 2513 4709 contra
2575 4643 2804 4729 ipsam,
2851 4645 2994 4710 sine
