3634 5800
683 891 814 946 Aa).
853 877 1073 964 1170]
1553 897 1917 947 nms‘rosae.
2666 885 2795 949 325

683 1085 1068 1168 apostolicae
1112 1085 1352 1172 legato,
1421 1085 1724 1163 salutem,
1771 1092 1843 1152 et
1887 1087 2249 1228 pastorales
2294 1088 2608 1154 excubias
2653 1087 2795 1154 feli-

687 1183 854 1249 citer
896 1186 1272 1273 adimplere.

785 1285 1070 1366 Quantis
1100 1288 1592 1355 calamitatibus
1637 1290 1892 1355 diutius
1924 1289 2171 1356 afflicta
2200 1291 2291 1356 sit
2319 1299 2533 1357 mater
2553 1297 2793 1368 nostra,
2818 1305 2881 1355 1n
2884 1307 3065 1357 ιετᾱιοι

683 1407 724 1450 a
751 1407 786 1452 c
801 1386 954 1472 ujus
999 1389 1313 1456 uberibus
1363 1391 1746 1467 coaluimus,
1785 1396 1856 1456 et
1898 1412 2048 1476 quae
2080 1397 2435 1476 utrumque
2479 1398 2793 1458 nostrum
2820 1373 3097 1489 3302?

683 1495 952 1574 auctore
998 1492 1160 1569 Deo,
1205 1494 1278 1558 in
1341 1494 1411 1558 id
1458 1493 1640 1579 quod
1685 1498 1787 1559 est
1831 1494 2183 1580 promovit,
2226 1499 2452 1560 sancta
2498 1494 2793 1562 Cantus,-

609 1591 614 1600 '
683 1591 916 1658 riensis
963 1594 1244 1671 ecclesia,
1290 1595 1774 1661 fraternitatem
1806 1601 2095 1661 vestram
2125 1595 2329 1661 latere
2374 1617 2510 1661 non
2553 1603 2790 1683 potest,

684 1694 1055 1776 praesertim
1122 1715 1273 1762 cum
1341 1701 1525 1762 totus
1592 1695 1726 1762 fere
1794 1695 2075 1760 Latinus
2141 1697 2318 1762 orbis
2363 1698 2791 1764 contritiones

685 1794 828 1878 ejus
873 1795 1208 1874 hactenus,
1253 1802 1484 1863 contra
1546 1798 1646 1863 fas
1709 1802 1780 1864 et
1844 1819 2125 1884 aequum‚
2171 1804 2241 1864 et
2284 1821 2485 1886 supra
2529 1821 2789 1866 omnem

685 1896 964 1974 modum,
997 1897 1357 1964 invaluisse
1388 1899 1787 1986 cognoverit.
1884 1899 2519 1985 Exspectaveramus
2544 1921 2787 1968 correc-

683 1997 932 2062 tionem
979 1999 1230 2065 domini
1275 2001 1467 2089 regia,
1513 2022 1708 2086 quem
1774 2001 2131 2067 clementia
2174 2001 2417 2067 summi
2458 2004 2791 2088 pontificis

687 2105 755 2164 et
813 2101 1137 2186 patientia
1199 2108 1440 2181 nostra,
1505 2110 1576 2170 et
1643 2101 1878 2167 Divini
1931 2102 2190 2187 judicii,
2259 2103 2437 2189 quod
2500 2106 2789 2172 maxime

688 2201 896 2267 fidelis
941 2205 1164 2270 anima
1207 2211 1567 2282 reveretur,
1616 2205 1832 2281 timor,
1901 2204 2271 2270 debuerant
2328 2206 2416 2271 ad
2458 2206 2790 2293 poeniten·

685 2305 847 2368 tiam
891 2327 1288 2390 provocasse.
1384 2306 1518 2372 Sed
1561 2306 1673 2372 ille
1737 2305 2183 2401 misericordia
2247 2307 2375 2372 Dei
2392 2307 2417 2346 ¹
2464 2313 2535 2374 et
2576 2308 2788 2374 homi-

686 2427 848 2470 num
893 2409 1238 2492 patientia,
1287 2409 1505 2494 quoad
1531 2407 1556 2448 ²
1601 2429 1868 2474 causam
1917 2407 2106 2484 hanc,
2166 2430 2421 2496 semper
2488 2408 2788 2489 abutens,

683 2506 923 2573 damna
996 2509 1256 2574 damnis
1332 2510 1783 2575 indesinenter
1872 2508 2131 2594 adjecit,
2208 2516 2278 2575 et
2351 2512 2788 2580 atrocissimas

679 2609 958 2694 injurias
1060 2611 1474 2697 gravioribus
1565 2611 1862 2678 cumulat
1880 2608 1905 2650 ³
2025 2610 2302 2696 injuriis.
2386 2621 2391 2628 ’
2434 2613 2538 2679 Ne
2631 2635 2787 2702 ergo

685 2713 1075 2798 sanguinem
1105 2712 1248 2798 ejus
1295 2718 1365 2778 et
1381 2713 1407 2752 4
1453 2713 1937 2798 compereuntis
2008 2713 2321 2791 ecclesiae,
2364 2715 2448 2780 ob
2512 2715 2787 2782 nimiam

682 2814 1076 2898 patientiam
1139 2818 1209 2880 et
1271 2815 1587 2901 injustam
1652 2813 2279 2892 dissimulationem,
2326 2816 2408 2882 de
2481 2817 2789 2883 manibus

681 2918 924 2983 nostris
985 2919 1278 3004 requirat
1344 2918 1688 2995 Dominus,
1764 2918 2174 2985 fraternitati
2222 2925 2487 3001 ‘vestrae
2561 2920 2787 2987 literas

681 3020 1072 3105 apostolicas
1133 3018 1557 3095 destinamus,
1605 3024 1913 3107 rogantes
1959 3024 2029 3086 et
2070 3018 2491 3089 obsecrantes
2532 3022 2606 3087 in
2650 3023 2785 3089 Do-

679 3122 859 3187 mino
904 3121 951 3187 J
953 3144 1068 3188 esu
1114 3120 1400 3200 Christ0,
1446 3128 1514 3187 et
1563 3122 1821 3187 unitate
1869 3121 2187 3199 caritatis,
2220 3126 2291 3188 et
2332 3122 2578 3190 foedere
2608 3125 2787 3211 pacis

681 3226 1148 3302 ecclesiasticae,
1217 3232 1287 3291 et
1349 3212 1750 3291 auctoritate
1822 3224 2075 3289 domini
2141 3247 2349 3312 papae,
2394 3249 2511 3313 per
2576 3227 2786 3294 fideli-

679 3332 884 3393 tatem
933 3348 1132 3413 quam
1180 3326 1321 3392 sedi
1367 3325 1746 3413 apostolicae
1793 3325 2066 3404 debetis,
2112 3326 2583 3394 denuntiantes
2627 3350 2789 3414 qua·

693 3434 907 3505 tenus,
950 3428 1130 3493 infra
1171 3428 1550 3513 quindecim
1602 3427 1746 3493 dies
1793 3448 1836 3493 a
1884 3428 2299 3513 susceptione
2343 3430 2786 3515 praesentium,

682 3551 799 3616 per
828 3536 1040 3596 totam
1073 3529 1476 3617 provinciam
1503 3535 1811 3606 vestram,
1858 3550 2008 3614 quae
2056 3530 2127 3594 in
2164 3535 2490 3617 potestate
2520 3533 2787 3619 praefati

680 3631 854 3717 regis
899 3636 1018 3710 est,
1067 3632 1289 3697 omnia
1357 3630 1606 3707 divina,
1674 3636 1917 3716 praeter
1986 3630 2316 3718 baptisma
2360 3633 2784 3717 parvulorum

687 3739 754 3797 et
799 3732 1228 3818 poenitentias
1259 3732 1703 3807 morientium,
1749 3731 2156 3817 prohibeatis
2201 3731 2413 3799 officia
2456 3734 2783 3812 celebrari,

683 3842 756 3899 ct
799 3834 885 3900 ab
931 3834 1236 3900 omnibus
1299 3833 1588 3899 subditis
1655 3833 1899 3898 vestris
1963 3832 2305 3899 interdicti
2372 3835 2787 3911 sententiam,

679 3943 1003 4021 quantum
1051 3936 1121 3999 in
1167 3936 1357 4001 vobis
1425 3941 1542 4011 est,
1588 3932 1847 3999 faciatis
1891 3934 2369 3999 inviolabiliter
2411 3936 2787 4001 observari:

683 4060 766 4103 ne
813 4059 930 4103 vos
977 4036 1187 4123 (quod
1235 4036 1446 4119 absit)
1495 4056 1645 4101 cum
1717 4034 1822 4099 his
1871 4036 1988 4120 qui
2058 4036 2129 4099 in
2176 4035 2412 4103 scelere
2457 4056 2574 4101 suo
2618 4038 2788 4122 peri-

688 4140 824 4204 turi
867 4145 1027 4205 sunt
1071 4139 1267 4203 ruina
1288 4138 1312 4176 ⁵
1357 4136 1802 4202 damnationis
1850 4136 2171 4201 involvat.
2266 4136 2583 4201 Portitori
2627 4159 2785 4205 vero

683 4241 961 4304 istarum
1006 4239 1373 4325 prospicite,
1421 4238 1594 4304 sicut
1655 4237 1845 4301 vobis
1904 4242 1972 4301 et
2017 4237 2232 4302 ordini
2278 4243 2498 4303 vestro
2544 4240 2785 4324 cupitis

684 4362 821 4406 esse
865 4346 1300 4427 prospectum.
1392 4338 1909 4404 Fraternitatem
1955 4344 2249 4403 vestram
2293 4360 2411 4424 per
2457 4338 2600 4404 vias
2651 4361 2786 4407 rec-

744 4542 760 4576 ¹
795 4541 918 4603 Dei,
939 4557 1040 4593 om.
1063 4540 1132 4592 V.
1844 4539 1865 4571 ⁴
1900 4538 1967 4587 in.
1990 4538 2053 4587 L.

739 4622 762 4655 ²
796 4621 930 4686 quod
951 4620 1040 4682 ad,
1063 4620 1121 4672 Z.
1848 4614 1869 4648 ⁸
1903 4616 2077 4677 ruina,
2132 4616 2200 4675 A,
2258 4616 2322 4677 O,
2376 4618 2451 4677 Z;
2503 4634 2669 4683 poena,
2722 4620 2769 4670 L

741 4702 763 4736 ³
800 4700 1040 4761 cumulat,
1079 4703 1147 4761 A,
1183 4700 1262 4760 ῦς
1305 4696 1589 4759 cumulavit,
1623 4698 1682 4761 Z,
1785 4695 1921 4759 (The
1946 4698 2083 4745 word
2114 4694 2159 4745 is
2189 4694 2412 4760 illegible
2444 4695 2496 4746 in
2522 4698 2591 4757 V,
2614 4699 2707 4749 but
2738 4699 2787 4749 is

681 4782 738 4831 L.
1782 4775 2030 4841 certainly
2054 4781 2143 4826 not
2158 4778 2339 4839 pena.)
