3634 5800
908 868 992 934 74
1778 880 2138 929 EPISTOLAE.
2622 865 2777 948 [Ap.
2815 852 3004 932 1‘169.

900 1077 934 1102 “
980 1070 1142 1155 quid
1189 1091 1324 1155 ego,
1372 1068 1488 1154 qui
1535 1089 1800 1153 possum
1834 1088 2063 1153 capere
2109 1068 2390 1155 singulis
2437 1067 2671 1133 diebus
2715 1074 3003 1135 castrum

899 1181 932 1205 “
980 1172 1434 1247 fortissimum,
1484 1169 1716 1254 [non]¹
1768 1175 1998 1255 potero
2041 1191 2271 1255 capere
2318 1192 2526 1235 unum
2575 1171 2899 1247 clericum,
2945 1169 3001 1233 si

898 1282 929 1307 “
978 1272 1401 1337 interdixerit
1446 1276 1692 1335 terram
1739 1293 1954 1335 meam
1983 1271 2063 1335 2'’
2158 1272 2404 1335 Verum
2450 1294 2600 1337 cum
2648 1273 2873 1357 aliqua
2916 1270 3002 1336 ad

897 1375 1314 1439 voluntatem
1392 1394 1580 1437 suam
1659 1395 1725 1436 se
1788 1373 2096 1437 'facturos
2172 1374 2642 1459 promisissent,
2718 1375 3003 1440 cessavit

897 1478 1166 1541 omnino
1213 1481 1590 1562 tempestaS,
1636 1478 1704 1539 et
1748 1475 1950 1538 rediit
1996 1474 2082 1539 ad
2128 1497 2239 1539 cor
2269 1482 2338 1540 et
2384 1475 2578 1552 dixit,
2625 1475 2835 1540 “Nisi
2878 1476 3003 1541 hac

897 1586 933 1613 ‘⁶
978 1584 1170 1645 nocte
1215 1600 1445 1664 pacem
1513 1576 1822 1652 feceritis,
1883 1598 2225 1662 nunquam
2272 1577 2351 1641 de
2395 1583 2637 1643 caetero
2703 1578 2790 1642 ad
2835 1578 3002 1645 hoc³

899 1691 928 1716 “
978 1686 1301 1767 punctum
1333 1677 1668 1744 venietiS.”
1761 1677 2019 1755 Postea,
2051 1700 2201 1744 cum
2228 1678 2651 1764 aliquantum
2682 1679 2755 1743 in
2802 1680 3003 1745 verbo

563 1790 759 1852 Agreu-
898 1785 1025 1849 isto
1087 1783 1512 1858 laborassent,
1578 1781 1954 1847 convocatis
2021 1781 2347 1859 omnibus,
2395 1782 2591 1859 dixit,
2663 1790 2694 1817 “
2723 1782 3005 1868 Oportet

560 1863 712 1907 ment.
897 1894 928 1920 “
977 1907 1083 1950 me
1128 1885 1337 1951 facere
1369 1884 1655 1948 multum
1702 1903 1821 1968 pro
1867 1903 2054 1968 prece
2106 1883 2358 1948 domini
2405 1905 2613 1970 papae,
2645 1885 2762 1970 qui
2792 1883 3001 1949 domi-

897 1994 930 2021 “
977 2009 1102 2053 nus
1148 1993 1216 2053 et
1260 1994 1451 2074 pater
1482 2008 1666 2051 meus
1700 1989 1820 2064 est,
1868 1990 1937 2049 et
1966 1984 2113 2050 ideo
2154 1986 2358 2051 reddo
2389 1987 2450 2051 ei
2483 1986 3004 2073 archiepiscopa-
3039 1998 3044 2006 '

897 2099 930 2127 “
978 2097 1127 2157 tum
1173 2112 1368 2156 suum
1416 2095 1486 2155 et
1530 2110 1761 2175 pacem
1806 2109 2022 2153 meam
2070 2094 2138 2154 et
2183 2089 2491 2154 omnibus
2538 2090 2653 2175 qui
2715 2111 2834 2175 pro
2881 2088 3001 2155 ea³

899 2202 932 2227 “
979 2198 1169 2258 extra
1213 2199 1459 2257 terram
1505 2190 1715 2256 sunt.”
1807 2189 1994 2256 Tunc
2037 2190 2262 2254 nuntii
2309 2195 2377 2255 et
2422 2211 2648 2255 omnes
2692 2189 2809 2255 alii
2853 2211 3001 2276 gra·

898 2297 1027 2362 tias
1093 2318 1297 2383 egere.
1392 2296 1480 2359 Et
1545 2299 1709 2359 tunc
1784 2315 1904 2357 rex
1965 2292 2293 2378 adjunxit,
2359 2293 2487 2358 “Si
2568 2293 2730 2379 quid
2807 2291 2999 2357 modo

898 2407 930 2434 “
979 2400 1199 2463 minus
1243 2398 1384 2475 feci,
1431 2419 1574 2463 cras
1619 2395 1894 2461 consilio
1940 2400 2162 2461 vestro
2207 2395 2583 2482 suppleb0.”

567 2515 870 2565 Absolution
987 2502 1293 2567 Crastina
1338 2501 1464 2577 die,
1511 2500 1580 2564 id
1623 2499 1767 2563 est*
1830 2498 2135 2563 kalendis
2202 2498 2628 2584 Septembris,
2673 2519 2999 2565 convene-

560 2584 856 2700 ffiffiffiffis
898 2610 1057 2669 runt
1100 2606 1187 2669 ad
1255 2603 1536 2669 eundem
1604 2602 1822 2667 10611111
1888 2600 2061 2666 circa
2127 2600 2357 2667 horam
2428 2601 2882 2683 meridianam,
2932 2608 3000 2666 et

898 2727 1048 2772 cum
1094 2706 1175 2771 de
1199 2706 1223 2743 ⁶
1291 2704 1706 2770 absolutione
1753 2702 2473 2770 excommunicatorum
2522 2703 2782 2768 diutius
2827 2708 2999 2768 esset

901 2812 1278 2884 tractatum,
1324 2812 1404 2871 ut
1471 2805 1723 2871 scilicet
1768 2826 1904 2869 non
1959 2805 2286 2890 jurarent,
2334 2827 2411 2871 eo
2481 2805 2831 2871 decursum
2896 2809 2997 2870 est

899 2911 1074 2996 quod
1141 2909 1498 2975 Gaufridus
1570 2907 1764 2973 Ridel
1834 2913 1903 2972 et
1968 2907 2276 2994 Nigellus
2346 2909 2426 2973 de
2493 2908 2862 2975 Saccavilla
2928 2914 2997 2973 et

899 3012 1184 3079 Thomas
1253 3011 1429 3076 filius
1477 3009 1819 3086 Bernardi,
1864 3014 2143 3075 extenta
2207 3031 2407 3075 manu
2430 3009 2455 3048 ⁰
2520 3011 2606 3075 ad
2654 3009 2998 3096 evangelia

897 3138 1114 3182 coram
1162 3115 1395 3202 posita,
1444 3113 1761 3177 dixerunt
1831 3112 1903 3175 in
1950 3113 2153 3177 verbo
2198 3112 2505 3177 veritatis
2568 3135 2637 3177 se
2705 3113 2997 3179 facturos

562 3230 809 3291 Ques-tion
899 3220 1285 3284 mandatum
1354 3216 1760 3280 nuntiorum.
1877 3214 2065 3281 Tunc
2127 3215 2415 3301 petitum
2487 3221 2588 3280 est
2634 3237 2675 3281 a
2739 3216 2996 3280 nuntiis

562 3305 699 3410 ,ἵζοιο
724 3298 871 3345 b⁰¹¹⁰‘
897 3322 1073 3407 quod
1119 3319 1402 3387 ecclesiae
1427 3316 1450 3357 ⁷
1513 3323 1751 3382 vestrae
1815 3338 2061 3393 omnes,
2110 3323 2442 3402 quotquot
2510 3318 2817 3384 dominus
2878 3341 2993 3384 rex

893 3423 1161 3488 interim
1227 3420 1519 3494 donavit,
1567 3441 1765 3504 penes
1830 3441 1938 3484 eos
2003 3419 2365 3484 residerent
2434 3420 2674 3505 quibus
2734 3443 2777 3487 a
2844 3444 2995 3509 rege

896 3525 1157 3590 donatae
1204 3529 1377 3588 sunt.
1473 3522 1625 3598 Sed,
1671 3520 1891 3586 sicut⁸
1937 3521 2338 3598 audivimuS,
2370 3543 2447 3586 eo
2493 3522 2847 3588 decursum
2895 3529 2997 3588 est

895 3634 973 3692 ut
1019 3628 1220 3692 libere
1265 3626 1351 3691 ad
1397 3630 1687 3688 vestram
1734 3623 2010 3688 redeant
2056 3623 2499 3688 donationem.
2594 3624 2830 3690 Postea
2873 3625 2997 3691 hoc

895 3735 1118 3796 actum
1182 3734 1302 3804 est,
1349 3732 1427 3792 ut
1494 3726 1774 3793 formam
1842 3725 2026 3812 pacis
2095 3747 2294 3811 quam
2317 3724 2343 3763 ⁰
2402 3734 2816 3793 concesserat
2876 3751 2993 3793 rex

896 3830 1182 3916 episcopi
1252 3829 1628 3906 scriberent,
1678 3834 1747 3892 et
1811 3826 2028 3893 multa
2073 3828 2448 3893 intentione
2470 3827 2519 3867 ¹⁰
2564 3830 2808 3915 agebat
2870 3830 2995 3896 hoc

895 3933 1204 3997 dominus
1249 3953 1366 3996 rex
1412 3930 1590 4014 quod
1637 3930 1806 3995 alter
1850 3929 2243 3995 nuntiorum
2288 3929 2362 3994 in
2406 3930 2721 4017 Angliam
2783 3937 2993 3996 trans-

895 4035 1170 4100 fretaret
1236 4033 1320 4098 ad
1391 4031 1873 4097 absolvendum
1948 4032 2565 4098 excommunicatos.
2690 4033 2779 4097 Et
2845 4054 2994 4099 cum

894 4136 1355 4212 discessissent,
1411 4134 1554 4220 jam
1600 4134 1803 4199 tertia
1868 4134 2033 4199 hora
2093 4136 2307 4200 noctis
2369 4136 2505 4199 fere
2570 4134 2808 4220 elapsa,
2877 4158 2995 4200 rex

960 4309 975 4340 ¹
1012 4326 1123 4370 non,
1154 4310 1224 4367 A,
1257 4310 1348 4358 but
1380 4308 1587 4357 marked
1623 4307 1703 4356 for
1737 4304 1891 4356 omis·
2059 4307 2080 4339 5
2116 4306 2260 4368 illud,
2285 4306 2380 4357 ins,
2416 4309 2474 4370 Z,
2497 4306 2623 4357 with
2656 4307 2735 4356 vel
2770 4306 2910 4358 illius
2941 4307 2994 4357 in

893 4390 1034 4450 si0n;
1069 4390 1233 4439 interl.
1261 4390 1340 4447 05
1376 4404 1475 4439 om.
1502 4389 1559 4448 Z,
1584 4389 1643 4437 L.
1991 4401 2152 4451 marg.

958 4470 978 4502 ²
1011 4470 1120 4531 hoc,
1142 4470 1203 4520 O.
1231 4466 1313 4531 L;
1349 4468 1497 4530 hunc,
1523 4469 1587 4528 A,
1612 4467 1681 4528 V,
1709 4469 1766 4519 Z.
2057 4466 2077 4503 ⁷
2114 4466 2332 4516 ecclesioe
2366 4473 2561 4527 veslrae,
2584 4468 2651 4526 A,
2685 4466 2762 4527 03
2798 4483 2897 4518 om.
2924 4466 2994 4527 V,

880 4536 886 4540 ¹
957 4551 978 4583 ³
1013 4570 1084 4609 60,
1110 4551 1164 4600 Ζ.
1998 4547 2052 4596 L.
2125 4546 2273 4596 After
2296 4563 2473 4606 omnes,
2500 4548 2540 4594 11
2570 4546 2750 4596 inserts
2773 4563 2869 4597 rex.

957 4631 976 4662 ’ί
1014 4631 1068 4679 ii.
1088 4629 1192 4691 (1.6.
1211 4628 1578 4690 secumlo),ins.
1595 4628 1670 4687 O;
1697 4630 1889 4686 crased,
2058 4625 2080 4654 ⁸
2115 4627 2261 4684 sicut,
2287 4626 2356 4684 A,
2382 4626 2458 4684 03
2495 4631 2565 4683 ut,
2593 4627 2650 4686 Z,
2673 4627 2718 4675 L

892 4709 961 4759 A.
1033 4708 1170 4769 (The
1193 4710 1292 4773 day
1315 4724 1417 4758 was
1441 4709 1595 4772 really
1625 4708 1762 4771 Sept.
1786 4709 1863 4771 2.)
2057 4704 2077 4736 ⁹
2112 4706 2258 4767 quod,
2284 4706 2341 4754 L.

956 4789 975 4819 ὅ
1011 4789 1088 4849 de,
1109 4804 1206 4837 om.
1234 4787 1302 4837 V.
2056 4783 2096 4815 ¹⁰
2133 4784 2345 4847 uryebat
2364 4791 2389 4832 ἵ
