3634 5800
678 785 808 835 ΑΛ).
846 770 1065 853 1169.]
1545 785 1903 835 EmsroLAE.
2699 779 2783 839 85

676 968 767 1033 Et
811 970 1125 1054 quoniam
1169 969 1433 1055 singula
1477 990 1626 1055 quae
1672 991 1714 1035 a
1757 970 1949 1034 nobis
1996 969 2175 1036 dieta
2218 974 2377 1035 sunt
2422 973 2492 1034 et
2551 986 2913 1055 propo-The
2929 988 3102 1053 king’s

673 1069 808 1155 sita
851 1068 1115 1135 difficile
1178 1071 1425 1155 scripto
1472 1070 2199 1156 comprehenderentur,
2267 1071 2785 1135 transmittimus
2806 1070 3126 1185 {Zygere—‘d

672 1170 761 1236 ad
804 1172 1007 1257 pedes
1051 1172 1476 1258 paternitatis
1520 1176 1762 1237 vestrae
1808 1172 2079 1238 elericos
2124 1176 2194 1237 et
2229 1172 2588 1238 familiares
2633 1194 2783 1238 nos·
2807 1194 2862 1264 tq
2886 1187 3094 1252 explain

672 1277 830 1351 tros,
875 1274 1318 1360 Reginaldum
1365 1272 1905 1340 archidiaconum
1955 1273 2512 1339 Saresberiensem
2557 1281 2627 1339 et
2669 1276 2785 1339 Ri-
2809 1256 2926 1305 uva
2946 1270 3089 1306 voce.

673 1377 944 1441 cardum
990 1377 1210 1454 Barre,
1243 1377 1359 1461 qui
1390 1376 1654 1462 plenius
1698 1377 1891 1441 vobis
1923 1382 2177 1453 cuneta,
2226 1398 2374 1462 quae
2427 1377 2585 1442 hine
2628 1377 2785 1443 inde

671 1478 930 1564 agitata
991 1484 1168 1554 sunt,
1236 1483 1586 1564 exponent.
1684 1478 1940 1558 Quibus
2014 1478 2088 1542 in
2155 1479 2409 1548 cunetis
2485 1500 2632 1564 quae
2700 1502 2784 1545 ex

670 1585 898 1646 nostra
949 1586 1140 1667 parte
1183 1587 1426 1646 vestrae
1495 1582 1851 1647 sanctitati·
1907 1588 2299 1668 proponent,
2345 1581 2545 1646 fidem
2589 1582 2784 1646 indu-

669 1683 965 1748 bitanter
1031 1683 1450 1750 adhibeatis.l
1538 1683 1641 1749 De
1719 1705 2001 1770 quorum
2091 1684 2313 1748 reditu
2386 1683 2783 1750 festinanter

670 1784 1066 1850 maturando
1090 1782 1116 1822 ²
1167 1789 1407 1862 vestra,
1473 1805 1817 1870 precamur
1884 1788 1953 1849 et
2016 1785 2417 1850 consulimus
2485 1784 2780 1861 sollicite,

667 1886 1017 1971 provideat
1087 1885 1411 1963 diseretiO,
1476 1886 1788 1971 quoniam
1857 1907 2082 1951 eorum
2146 1907 2330 1951 mora
2403 1887 2780 1952 diuturnior

668 1988 1035 2076 perieulum
1067 1994 1136 2054 et
1167 1989 1479 2055 damnum
1515 1988 1931 2055 intolerabile
1964 1989 2248 2055 ecelesiae
2279 1993 2500 2074 posset
2530 1989 2777 2056 afferre.

1583 2369 1853 2436 DLXV.

709 2521 1152 2587 ALEXANDRO
1200 2538 1392 2587 PAPAE
1438 2523 1819 2586 Ro‘rssonns
1865 2522 2457 2587 Romomonnms
2493 2536 2743 2587 Anem-

1519 2640 1902 2690 EmscoPUS.

696 2776 796 2841 (A.
824 2781 947 2837 1323
986 2777 1051 2828 Ο.
1074 2776 1125 2826 ii.
1154 2782 1277 2839 124;
1312 2779 1365 2827 Z.
1389 2776 1459 2827 ἰὶἱ.
1484 2782 1543 2827 21
1569 2798 1583 2838 3
1617 2776 1749 2841 Lup.
1773 2776 1848 2826 iii.
1873 2780 1932 2826 21
1956 2798 1969 2838 ς
2007 2777 2187 2827 Thom.
2214 2781 2341 2835 3223
2379 2775 2443 2827 G.
2468 2777 2581 2826 Fol.
2605 2778 2748 2841 428.)

749 2893 1028 2961 Evooati
1044 2892 1072 2934 ³
1115 2916 1156 2961 a
1200 2894 1465 2960 domino
1509 2898 1734 2960 nostro
1797 2914 1965 2980 rege,
2012 2914 2162 2960 eum
2207 2892 2613 2959 venissemus
2680 2894 2768 2960 ad
2789 2903 3017 2982 hri-eeting

659 2996 928 3073 curiam,
973 2992 1063 3062 et¹
1087 3018 1239 3063 eum
1284 2996 1522 3062 vestris
1567 2995 1805 3082 legatis
1843 2995 1988 3081 jam
2056 2996 2545 3082 aliquantulum
2613 3017 2764 3081 pro·
2786 2973 3104 3090 xgghtlffgnry

658 3118 909 3163 cessum
979 3104 1151 3163 esset
1213 3119 1410 3183 super
1475 3097 1808 3161 mandatis
1875 3097 2130 3173 vestris,
2194 3119 2281 3161 ex
2342 3097 2760 3163 veracissimo
2786 3105 2960 3169 pope’s

655 3200 1289 3286 archiepiscoporum
1358 3205 1428 3266 et
1501 3201 1954 3287 episcoporum
2021 3201 2257 3279 relatu,
2330 3200 2447 3286 qui
2509 3200 2596 3265 ad
2638 3198 2764 3266 hoo
2786 3187 2951 3237 envoy
2954 3188 2993 3224 ⁸·

655 3304 1145 3381 convenerant?
1189 3310 1256 3370 et
1303 3304 1542 3390 quibus
1588 3305 1905 3369 nimirum
1951 3305 2277 3370 credimus
2322 3304 2496 3370 sieut
2554 3304 2763 3373 nobis,

654 3406 893 3471 auditu
959 3407 1411 3491 comperimus,
1474 3408 1647 3492 quod
1718 3408 1991 3473 nuntios
2054 3414 2123 3473 et
2184 3409 2444 3473 litteras
2508 3411 2762 3471 vestras

654 3508 960 3573 dominus
1005 3530 1123 3573 rex
1168 3508 1536 3594 Anglorum
1583 3513 1774 3574 tanto
1820 3509 2066 3594 majore
2111 3510 2349 3574 laetitia
2395 3513 2463 3574 et
2529 3508 2763 3573 alaeri-

651 3615 792 3675 tate
838 3610 1213 3694 susceperit,
1261 3615 1511 3694 quanto
1553 3611 1871 3695 majorem
1918 3611 1978 3675 ei
2042 3611 2475 3696 benignitatis
2518 3614 2758 3674 vestrae

651 3712 939 3798 gratiam
984 3712 1370 3796 promittere
1415 3710 1833 3778 videbantur.
1925 3712 2122 3777 Unde
2167 3714 2488 3799 petitione
2519 3717 2758 3790 vestra,
2775 3709 2961 3773 'Terms
2982 3723 3042 3773 of

653 3815 735 3879 de
775 3836 935 3899 paee
984 3812 1483 3879 Cantuariensis
1502 3812 1527 3851 ⁵
1571 3814 2042 3900 archiepiscopi
2089 3820 2157 3880 et
2199 3836 2469 3880 suorum
2515 3814 2755 3889 reditu,
2782 3805 2954 3853 9⁸⁸⁰&

650 3914 922 3980 consilio
998 3913 1656 4001 archiepiscoporum,
1731 3917 2199 4002 episcoporum,
2275 3917 2610 3994 abbatum,
2687 3922 2757 3981 et

649 4017 1105 4103 religiosarum
1150 4037 1598 4102 personarum,
1646 4023 1716 4082 et
1760 4019 2162 4104 optimatum
2214 4019 2404 4105 regni
2448 4019 2569 4096 sui,
2633 4039 2753 4103 pro

649 4141 868 4185 amore
914 4124 1136 4184 vestro
1189 4119 1542 4204 benignius
1588 4120 1925 4200 exaudita,
1973 4141 2124 4184 eum
2168 4121 2254 4184 ad
2321 4120 2751 4204 archiepisco-

647 4226 878 4308 patum
943 4241 1138 4286 suum
1204 4220 1438 4295 redire,
1503 4221 1855 4306 ipsumque
1921 4243 2071 4287 eum
2118 4223 2296 4286 omni
2363 4222 2749 4307 integritate

713 4444 730 4478 ¹
766 4443 1071 4502 adhibeatis,
1095 4445 1160 4503 0,
1190 4444 1274 4503 A;
1310 4442 1555 4504 habeatis,
1579 4446 1638 4494 L.
1814 4443 1837 4475 ⁴
1869 4453 2123 4502 venerant,
2148 4442 2215 4493 L.

712 4524 734 4558 Β
767 4521 1084 4583 maturando,
1111 4524 1185 4583 Z;
1218 4528 1484 4580 maturata,
1507 4523 1568 4571 L.
1813 4521 1836 4553 ὅ
1870 4529 2047 4570 contra
2094 4523 2533 4590 archiepiscopum,
2570 4528 2638 4588 A,
2680 4528 2746 4587 Ο,

711 4604 734 4636 ³
766 4617 949 4661 sumus,
970 4600 1064 4651 ins.
1096 4599 1147 4649 L
1189 4600 1381 4663 (where
1414 4600 1501 4650 the
1535 4615 1644 4650 sen·
1749 4601 1823 4660 Z;
1866 4599 2019 4650 Cane.
2077 4602 2453 4668 archiepiscopi,
2514 4606 2575 4667 L,
2642 4610 2747 4658 and

645 4690 795 4733 tenco
819 4681 947 4731 ends
967 4678 1091 4729 with
1113 4680 1277 4743 reye).
1748 4679 1947 4747 margin
1973 4679 2035 4729 of
2050 4680 2105 4729 Z.
