3634 5800
642 846 777 899 ΑΛ).
814 830 1031 915 1172]
1509 846 1870 893 EPISTOLAE.
2637 832 2766 895 519

646 1055 825 1099 meos
871 1035 953 1099 de
1000 1036 1295 1100 adventu
1341 1058 1487 1100 meo
1549 1038 1657 1120 (ut
1725 1036 2098 1122 oportebat)
2173 1035 2460 1099 uberiori
2523 1034 2764 1099 laetitia

644 1134 955 1219 perfusos,
1034 1137 1298 1201 Accessi
1346 1136 1584 1201 deinde
1614 1132 1701 1201 ad
1731 1136 2032 1201 dominos
2079 1136 2376 1222 legatos;
2421 1140 2490 1200 et
2530 1158 2758 1221 quam·
2786 1138 2884 1217 ‚His
2908 1142 3043 1218 ‹lepl-

646 1258 845 1321 quam
892 1258 1001 1301 eos
1054 1238 1125 1301 in
1191 1238 1519 1324 principio
1584 1238 1783 1303 duros
1851 1238 2269 1314 invenissem,
2319 1242 2404 1313 et,
2450 1242 2530 1301 ut
2573 1238 2758 1301 vide—
2785 1209 3096 1339 ζζξῖζὲξέε,

645 1339 862 1415 batur,
909 1340 1179 1425 penitus
1226 1341 1403 1405 flecti
1472 1362 1609 1405 non
1671 1344 1958 1425 possent,
2007 1345 2232 1403 tamen
2293 1344 2524 1404 contra
2575 1362 2759 1425 spem

647 1443 962 1521 omnium,
1029 1448 1260 1507 contra
1324 1444 1703 1528 opinionem
1780 1442 2209 1527 singulorum,
2274 1464 2408 1527 pax
2473 1443 2757 1527 denique

646 1549 872 1609 secuta
933 1550 1002 1609 et
1062 1546 1149 1609 ad
1215 1544 1531 1609 honorem
1594 1544 1739 1621 Dei,
1787 1550 1857 1609 et
1901 1544 2204 1622 ecclesiae,
2271 1550 2340 1609 et
2405 1566 2645 1620 meum,
2690 1550 2759 1608 et

645 1646 833 1731 regni
894 1647 1043 1724 mei,
1104 1647 1280 1711 inter
1337 1668 1459 1711 nos
1520 1652 1622 1711 est
1680 1645 2052 1723 reformata,
2099 1646 2272 1711 sicut
2333 1668 2418 1710 ex
2481 1667 2761 1732 sequen-

648 1747 829 1812 tibus
874 1749 1065 1813 vobis
1133 1748 1396 1833 plenius
1460 1748 1847 1813 innotescet.
1939 1748 2102 1814 Haec
2169 1748 2344 1812 enim
2407 1753 2567 1812 sunt
2613 1770 2760 1833 quae
2785 1758 3046 1835 'rems-of

648 1870 754 1913 me
796 1850 883 1913 ad
932 1870 1152 1913 eorum
1201 1849 1593 1914 instantiam
1641 1850 2142 1915 observaturum
2187 1850 2500 1936 promisi:
2564 1851 2757 1934 quod,
2784 1840 3012 1941 fiffifflff‘

648 1949 900 2015 scilioet
942 1950 1029 2015 ab
1073 1950 1357 2015 instanti
1417 1951 1587 2015 festo
1656 1950 2074 2016 Pentecostes
2134 1972 2342 2036 usque
2390 1952 2460 2014 in
2507 1972 2756 2015 annum

648 2056 907 2116 tantam
982 2054 1332 2137 pecuniam
1396 2053 1585 2129 (labe,
1654 2054 1850 2129 unde,
1895 2052 1980 2117 ad
2056 2052 2407 2117 arbitrium
2474 2054 2755 2118 fratrum

648 2156 900 2241 templi,
955 2156 1227 2221 ducenti
1276 2155 1525 2220 milites
1585 2156 1671 2221 ad
1734 2156 2175 2222 defensionem
2237 2164 2430 2223 terrae
2490 2159 2537 2223 J
2539 2181 2753 2224 eroso-

647 2257 991 2342 lymitanae
1052 2280 1169 2342 per
1226 2278 1475 2321 annum
1523 2257 1797 2323 valeant
1841 2260 2092 2339 teneri;
2157 2265 2226 2324 et
2290 2261 2465 2346 quod
2527 2261 2756 2327 licebit

646 2358 793 2421 fieri
868 2358 1345 2444 appellationes
1436 2358 1519 2423 ad
1617 2360 1958 2424 dominum
2035 2382 2274 2446 papam
2350 2362 2570 2440 libere,
2662 2365 2760 2429 ita.

652 2464 877 2525 tamen
935 2464 1015 2523 ut
1074 2462 1129 2524 si
1194 2482 1357 2545 quos
1425 2468 1763 2547 suspectos
1827 2462 2194 2553 habuerim,
2257 2470 2616 2548 antequam
2677 2466 2760 2531 de

646 2584 849 2647 regno
896 2567 1157 2639 exeant,
1195 2561 1431 2647 jurent
1477 2565 1655 2649 quod
1702 2565 1773 2627 in
1841 2563 2080 2630 itinere
2145 2565 2263 2631 illo
2327 2589 2448 2631 nec
2513 2568 2762 2631 malum

648 2684 887 2743 meum,
954 2685 1073 2728 nec
1142 2664 1435 2729 dedecus
1498 2665 1685 2751 regni
1761 2668 1892 2730 mei
1957 2668 2377 2752 perquirent3
2452 2675 2521 2732 et
2587 2670 2765 2754 quod

647 2765 1152 2830 consuetudines
1200 2787 1349 2851 quae
1395 2771 1691 2851 tempore
1737 2788 1884 2831 meo
1945 2773 2176 2833 contra
2221 2770 2520 2835 ecclesias
2567 2776 2761 2836 terrae

648 2888 813 2933 meae
858 2866 1151 2932 inductae
1197 2873 1357 2932 sunt
1403 2868 1743 2934 dimittam
1790 2870 1986 2954 (quas
2032 2870 2302 2957 quidem
2348 2878 2470 2937 aut
2514 2895 2758 2959 paucas

644 2974 765 3033 aut
806 2969 1027 3034 nullas
1058 2971 1343 3055 aestimo)
1372 2995 1389 3050 3
1452 2975 1521 3035 et
1568 2972 1743 3056 quod
1792 2974 2226 3057 possessiones
2259 2974 2756 3040 Cantuariensis

648 3071 953 3148 ecclesiae,
1018 3072 1076 3135 si
1140 3093 1288 3157 quae
1356 3071 1599 3136 ablatae
1666 3079 1840 3146 sunt,
1910 3073 2099 3158 plene
2163 3077 2523 3156 restituam,
2586 3078 2760 3144 sicut

648 3173 887 3238 habuit
948 3195 1079 3238 uno
1140 3195 1316 3238 anno
1380 3179 1738 3258 antequam
1808 3176 2334 3263 archiepiscopus
2387 3178 2468 3244 de
2515 3181 2760 3256 Anglia

650 3276 1085 3362 egrederetur.
1178 3275 1448 3341 Clericis
1495 3282 1817 3360 praeterea
1847 3283 1918 3348 et
1946 3278 2128 3343 laicis
2175 3281 2520 3367 utriusque
2563 3305 2759 3348 sexus

650 3399 877 3462 pacem
922 3399 1137 3441 meam
1184 3383 1253 3441 et
1298 3379 1733 3463 possessiones
1793 3400 1946 3444 suas
2006 3378 2370 3459 restituam,
2418 3385 2535 3467 qui
2580 3405 2760 3449 occa-

648 3480 830 3543 sione
874 3479 1339 3564 praenominati
1399 3478 1872 3565 archiepiscopi
1933 3481 2242 3546 destituti
2293 3483 2327 3547 f
2322 3490 2578 3549 uerunt.
2671 3485 2763 3550 Et

650 3581 774 3644 hoc
854 3580 1020 3644 mihi
1099 3603 1183 3644 ex
1258 3586 1449 3665 parte
1540 3581 1793 3646 domini
1882 3604 2074 3669 papae
2165 3585 2238 3648 in
2311 3586 2760 3653 remissionem

652 3683 948 3746 omnium
1018 3685 1433 3766 peccatorum
1503 3682 1946 3768 injunxerunt
2008 3685 2508 3753 observandum.
2619 3689 2761 3775 Ego
2786 3701 2841 3751 A
2865 3701 3066 3752 confer-

649 3789 893 3859 autem,
946 3804 1105 3869 pace
1176 3782 1555 3861 reformata,
1602 3785 1836 3849 statim
1901 3786 1974 3849 in
2036 3787 2348 3873 Angliam
2415 3791 2761 3869 venissem,
2785 3775 2987 3885 {³1ngssss
3011 3770 3076 3818 be

652 3886 783 3950 nisi
860 3885 1017 3970 quia
1108 3885 1359 3949 domini
1449 3885 1653 3972 legati
1744 3887 2144 3973 colloquium
2232 3890 2527 3955 habituri
2599 3898 2762 3957 sunt
2787 3901 2926 3954 caen
2952 3916 3020 3951 on

652 3987 831 4072 apud
880 3985 1247 4052 Cadomum
1296 3987 1403 4051 die
1450 3989 1687 4053 Martis
1749 3991 2053 4075 proxima
2088 3997 2248 4076 post
2293 3993 2760 4060 Ascensionem
2783 3971 2911 4034 May
2935 3973 3014 4018 ³⁰·

653 4086 942 4166 Domini.
1036 4087 1210 4152 Cum
1256 4093 1481 4152 autem
1528 4090 1798 4164 redierO,
1848 4113 1966 4154 vos
2027 4092 2192 4156 mihi
2253 4096 2479 4158 statim
2541 4118 2760 4162 occur-

652 4211 793 4254 rere
838 4210 975 4252 non
1022 4189 1565 4273 praetermittatia

742 4289 1054 4354 Testibus
1079 4287 1102 4326 ¹
1196 4340 1208 4353 .
1304 4341 1316 4354 .
1410 4339 1424 4352 .
1518 4340 1533 4354 .

1406 4519 1423 4551 ¹
1470 4517 1703 4567 Testilms
1742 4555 1754 4568 .
1792 4557 1802 4568 .
1843 4557 1874 4581 .‚
1895 4522 1959 4571 B.
