3634 5800
596 904 728 956 ΑΔ).
763 885 990 974 1170.]
1323 855 1335 868 ’
1481 899 1831 950 EPISTOLAE.
2575 884 2705 952 267

594 1098 914 1158 nostrum.
991 1091 1180 1157 Alias
1225 1091 1473 1178 quippe
1519 1090 1799 1177 legimus
1846 1090 2025 1176 pacis
2069 1095 2138 1154 et
2176 1088 2465 1174 justitiae
2512 1109 2697 1154 oscu-

597 1193 776 1259 lum:
855 1203 888 1228 “
908 1193 954 1258 J
957 1193 1193 1259 ustitia
1219 1193 1250 1218 ’'
1329 1193 1614 1278 (inquit)
1687 1201 1720 1228 “
1747 1195 1817 1257 et
1892 1213 2024 1277 pax
2102 1189 2413 1256 osculatae
2489 1189 2699 1254 sunt.''

599 1295 879 1360 Utinam
968 1301 1211 1370 tamen,
1285 1294 1490 1378 juxta
1575 1293 1752 1378 quod
1817 1291 2145 1378 propheta
2212 1290 2295 1354 de
2358 1311 2427 1354 se
2488 1294 2701 1375 optat,

599 1417 810 1460 essem
839 1395 948 1460 vir
991 1417 1128 1459 non
1173 1394 1427 1460 habens
1471 1395 1786 1479 spiritum
1820 1399 1887 1458 et
1918 1393 2335 1458 mendacium
2380 1391 2699 1476 loquerer.

601 1496 932 1562 Praeterea
1007 1497 1323 1582 scriptam
1387 1495 1643 1560 domini
1709 1494 2211 1561 Oantuariensis
2288 1491 2699 1578 petitionem,

599 1598 780 1683 pacis
823 1603 1067 1663 nostrae
1135 1598 1417 1662 formam
1463 1597 1937 1675 continentem,
1984 1599 2055 1660 et
2122 1593 2550 1678 prudentium
2598 1613 2703 1656 ar·-

601 1698 805 1763 bitrio
851 1699 1190 1764 moderate
1255 1698 1422 1762 satis
1485 1703 1554 1762 et
1615 1697 1897 1762 discrete
1961 1699 2362 1781 conceptam,
2406 1694 2703 1758 oblatam

542 1811 548 1815 “
601 1799 724 1863 sibi
776 1805 845 1864 et
888 1800 1244 1886 perlectam
1317 1799 1530 1885 primo
1575 1799 1846 1883 quidem
1890 1797 2246 1861 videbatur
2312 1795 2707 1874 admittere;

602 1900 718 1964 sed
759 1905 1008 1986 postea,
1055 1905 1134 1965 ut
1199 1921 1339 1966 mos
1403 1899 1687 1964 hominis
1751 1903 1872 1977 est,
1917 1897 2135 1963 nescio
2199 1896 2441 1981 quibus
2510 1901 2706 1960 utens

603 1999 877 2066 mollitis
922 2000 1332 2066 sermonibus
1379 1999 1646 2084 scriptae
1692 1997 2041 2084 petitionis
2087 1997 2383 2063 variavit
2440 2000 2705 2060 senten-

603 2101 792 2176 tiam,
868 2102 964 2165 ita
1035 2106 1129 2178 ut,
1211 2101 1414 2186 juxta
1488 2099 1668 2184 quod
1743 2099 2095 2164 consuevit
2168 2097 2459 2183 perfidia,
2534 2097 2705 2160 nihil

603 2201 869 2278 faciens,
915 2206 1135 2266 totum
1197 2201 1432 2268 fecisse
1477 2201 1836 2266 videretur.
1950 2201 2041 2265 Et
2084 2200 2178 2264 sic
2222 2197 2529 2263 frustrati
2575 2198 2709 2262 dis-

603 2303 938 2381 cessimus,
996 2303 1170 2367 nihil
1245 2307 1691 2388 praeterquam
1759 2307 2018 2368 nostras
2086 2301 2427 2388 angustias
2490 2320 2709 2385 repor-

605 2409 846 2468 tanteS.

693 2505 838 2590 Age
882 2525 1053 2590 erg0,
1099 2504 1294 2569 homo
1340 2505 1486 2582 Dei,
1547 2525 1710 2590 para
1769 2511 1856 2583 te,
1904 2504 2333 2590 superborum
2381 2503 2710 2579 baculum,
2738 2511 2847 2590 'rho
2869 2511 3013 2562 arch-

604 2610 1038 2690 tyrannorum
1083 2606 1392 2670 malleum
1439 2611 1508 2671 et
1553 2627 2007 2692 oppressorum
2052 2606 2367 2681 levamen,
2414 2609 2493 2669 ut
2550 2627 2712 2689 quo·
2738 2580 2919 2641 b²⁸h⁰p
2942 2577 2999 2626 οἳ

2742 2645 2915 2696 Sens’s
2931 2643 3047 2692 visit

607 2729 757 2771 rum
832 2707 1106 2772 sortitus
1181 2729 1248 2771 es
1325 2707 1782 2784 ministerium,
1848 2707 2147 2772 sortiaris
2222 2713 2291 2772 et
2334 2706 2566 2783 zelum,
2644 2711 2715 2770 et
2740 2717 2793 2758 to
2815 2711 2903 2759 the

607 2807 891 2870 alterum
935 2805 1124 2871 nobis
1169 2805 1597 2872 Mattathiam
1622 2805 1646 2844 ¹
1691 2807 2007 2872 exhibeas
2052 2805 2369 2872 adversus
2398 2807 2713 2872 Antiochi
2744 2775 2912 2826 Curua.

608 2910 994 2996 sacfilegia3
1083 2910 1296 2995 ignito
1372 2910 1634 2995 cloquio
1711 2915 1829 2975 tuo
1926 2910 2168 2997 frigida
2262 2910 2715 2975 Israelitarum

608 3012 806 3077 corda
850 3013 1220 3088 excitandO,
1266 3012 1546 3078 sollicite
1613 3012 1961 3099 provideas
1986 3012 2013 3051 ⁸
2072 3035 2156 3077 ne
2216 3012 2441 3078 flabris
2504 3012 2715 3098 lepro-

609 3135 830 3179 sorum
873 3115 1351 3199 exstinguatur.
1445 3115 1637 3191 Nam,
1683 3114 1859 3199 quod
1903 3135 2082 3179 nunc
2124 3114 2336 3205 solum
2380 3114 2716 3179 residuum

609 3222 726 3293 est,
774 3216 858 3279 ad
903 3221 970 3281 te
1016 3221 1175 3281 sunt
1234 3216 1405 3282 oculi
1465 3216 1717 3295 nostri3
1777 3216 1940 3302 quin
2002 3216 2225 3301 potius
2294 3221 2441 3282 tota
2483 3217 2715 3304 Angli-

607 3336 774 3381 cana
817 3316 1102 3393 ecclesia,
1147 3317 1250 3402 cuj
1259 3338 1336 3379 us
1398 3322 1476 3381 tu
1534 3316 1752 3381 adhuc
1813 3316 2133 3402 parvulus
2194 3318 2433 3382 suxisti
2495 3318 2717 3395 ubera,

610 3417 697 3481 ad
727 3422 794 3481 te
839 3418 1130 3504 suspirat
1159 3421 1229 3482 et
1273 3418 1524 3483 hostias
1554 3422 1895 3503 exspectat
1938 3418 2276 3502 pacificas;
2327 3438 2505 3485 nunc
2550 3440 2715 3505 prae-

615 3520 844 3584 sertim
923 3540 1074 3584 cum
1142 3540 1262 3605 per
1335 3524 1544 3584 temet
1617 3519 1839 3604 ipsum
1914 3519 2247 3585 introieris
2322 3520 2397 3584 in
2472 3526 2714 3587 sancta.

613 3620 808 3699 Quod
874 3620 1198 3705 praefatus
1267 3618 1380 3685 ille
1445 3620 1835 3707 peregrinus
1900 3626 2126 3687 noster
2184 3628 2501 3699 metuens,
2551 3622 2717 3687 miro

611 3721 806 3786 modo
873 3726 1332 3787 consternatus
1391 3726 1512 3798 est,
1557 3722 1672 3807 qui
1735 3742 1823 3787 ex
1891 3722 2029 3789 solo
2096 3729 2233 3789 tuse
2297 3722 2719 3808 profectionis

611 3826 812 3900 metu,
876 3824 1026 3888 dolo
1094 3828 1162 3888 et
1237 3823 1599 3888 calliditate
1659 3823 1945 3907 quadam
2010 3826 2119 3908 (ut
2170 3824 2315 3909 jam
2381 3825 2719 3913 diximus),

611 3922 1060 3991 humilitatem
1105 3925 1462 4009 praetendit
1509 3928 1577 3989 et
1623 3925 1826 3989 etiam
1871 3925 2291 4010 peregrinum
2336 3926 2722 4006 simulavit3

609 4024 684 4088 in
751 4046 885 4110 qua
943 4024 1234 4110 profecto
1297 4026 1821 4110 peregrinatione
1882 4046 1965 4090 ex
2031 4026 2133 4090 tui
2194 4026 2495 4092 absentia
2540 4048 2721 4095 occa-

613 4126 797 4191 sione
866 4132 1150 4213 captata‚
1198 4126 1570 4192 Gallicanos
1614 4124 1853 4191 fluvios
1915 4126 2128 4193 multa
2181 4128 2323 4212 jam
2386 4150 2471 4195 ex
2530 4134 2719 4214 parte

613 4228 880 4293 videtur
948 4228 1376 4303 absorbuisse,
1437 4228 1602 4295 adeo
1661 4227 1863 4293 etiam
1932 4232 2011 4292 ut
2070 4227 2119 4292 J
2120 4230 2383 4295 ordanis
2443 4230 2583 4316 ipse
2644 4231 2717 4295 in

611 4348 684 4392 os
755 4328 898 4414 ejus
959 4328 1220 4395 dicatur
1278 4326 1635 4404 influxisse,
1680 4326 1804 4395 hac
1867 4332 2011 4393 arte
2079 4334 2148 4393 et
2207 4350 2328 4395 nos
2372 4330 2717 4397 absorbere

612 4434 968 4497 attentans,
1063 4430 1158 4493 Ni
1223 4429 1432 4507 fallor,
1496 4430 1623 4495 scit
1681 4430 1845 4515 quid
1908 4430 2123 4497 dicam
2184 4431 2540 4517 prudentia
2581 4437 2715 4499 tua.

613 4528 813 4597 Unde
856 4552 1118 4599 necesse
1163 4536 1266 4595 est
1309 4530 1382 4594 in
1449 4530 1638 4596 brevi
1702 4530 2112 4599 medicinalis
2156 4538 2457 4601 occurrat
2500 4535 2719 4600 virtus

681 4769 698 4801 ¹
734 4766 1107 4830 Numantiam,
1131 4768 1189 4817 P.
1649 4766 1662 4833 1
1779 4766 1800 4799 ²
1826 4766 2139 4834 provideres,
2160 4768 2221 4818 P.
