3634 5800
539 3780 763 3830 Fui-ther

542 3861 781 3897 censui-es

541 3920 596 3961 to
618 3915 682 3961 be

541 3979 807 4042 expected.

882 893 1014 958 190
1762 910 2120 962 Errs‘rOLAE.
2602 897 2761 981 [A.D.
2798 895 2989 974 1169·

880 1094 1207 1175 insanire3
1261 1101 1326 1162 et
1359 1097 1444 1162 ab
1493 1096 1853 1163 incredulis
1898 1098 2184 1165 dicitur:
2228 1099 2449 1165 Homo
2496 1100 2623 1166 iste
2668 1099 2749 1164 de
2799 1098 2990 1164 corde

879 1220 1000 1264 suo
1043 1199 1416 1286 prophetat,
1449 1205 1532 1278 et,
1582 1205 1662 1265 ut
1717 1201 2149 1286 simpliciores
2194 1201 2469 1267 inducat
2511 1203 2585 1266 in
2638 1201 2875 1266 erroris
2922 1205 2992 1264 et

881 1299 1238 1366 infortunii
1284 1302 1388 1366 sui
1429 1302 1853 1379 consortium,
1885 1301 2076 1366 vanis
2119 1307 2325 1368 terret
2368 1303 2667 1380 oraculiS,
2698 1306 2768 1368 et
2812 1323 2991 1368 nunc

879 1408 1133 1470 rectum
1185 1404 1600 1490 sapientibus
1661 1404 1959 1468 intentat
2000 1404 2295 1482 adversa,
2344 1425 2521 1470 nunc
2575 1405 2990 1490 acquiescen-

881 1505 1060 1570 tibus
1123 1527 1442 1592 prospera
1495 1505 1861 1592 pollicetur.
2000 1505 2133 1572 Sed
2178 1526 2323 1572 ecce
2384 1507 2457 1572 in
2516 1507 2803 1572 cervices
2862 1507 2993 1571 ini-

883 1609 1196 1672 micorum
1261 1608 1548 1674 ecclesiae
1595 1607 1773 1673 Petri
1830 1608 2093 1694 gladius
2156 1613 2464 1696 potenter
2511 1613 2811 1674 exsertus
2872 1613 2991 1686 est,

881 1715 951 1775 et
1021 1709 1301 1789 Malcho,
1361 1711 1492 1774 nisi
1555 1710 1843 1776 declinet
1903 1711 2129 1787 ictum,
2181 1711 2559 1798 amputabit
2627 1710 2989 1777 auriculam

883 1813 1242 1879 dexteram.
1367 1811 1545 1894 Quid
1609 1811 1909 1878 Malchus
1954 1813 2195 1880 Latino
2264 1821 2455 1878 sonet
2518 1814 2793 1900 eloqui0,
2840 1835 2992 1878 nos·

883 1914 972 1978 tis
997 1929 1030 1962 ⁸
1060 1938 1077 1994 ;
1145 1913 1298 2000 loqu
1306 1934 1380 1979 or
1453 1915 1632 1980 enim
1707 1914 2086 2006 scientibus-³,
2172 1917 2571 1992 tenentibus,
2652 1915 2991 2001 diligenti-

881 2017 1020 2094 buS,
1068 2021 1138 2082 et
1181 2016 1734 2103 amplectentibus
1795 2017 2026 2104 legem.
2150 2017 2307 2082 Non
2357 2019 2754 2084 credebatur
2806 2018 2985 2103 quod

881 2121 1227 2206 episcopus
1273 2107 1754 2185 Londoniensis
1816 2127 1887 2184 et
1946 2120 2063 2184 alii
2122 2125 2423 2186 auctores
2484 2120 2858 2186 schismatis
2920 2127 2989 2185 et

878 2225 1246 2290 incentores
1298 2227 1520 2290 essent
1578 2223 2031 2290 anathematis
2090 2223 2314 2310 gladio
2376 2223 2811 2310 percellendi3
2874 2224 2989 2288 sed

879 2327 1027 2393 illos
1086 2328 1231 2413 jam
1267 2345 1338 2392 ‘a
1401 2347 1668 2412 corpore
1739 2348 1861 2392 suo
1926 2326 2152 2412 rejecit
2215 2332 2285 2392 et
2349 2327 2633 2392 exclusit
2698 2327 2987 2393 ecclesia.

881 2429 1036 2495 Non
1077 2429 1466 2496 credebatur
1497 2429 1675 2516 quod
1717 2429 2337 2496 condemnationem
2376 2449 2602 2494 eorum
2652 2431 2988 2496 Romanus

878 2531 1184 2618 pontifex
1229 2531 1719 2618 approbaturus
1766 2535 1975 2610 esset3
2036 2531 2151 2596 sed
2200 2553 2283 2596 ex
2330 2553 2407 2596 eo
2454 2536 2717 2596 constat
2770 2535 2985 2597 ratam

880 2655 1017 2700 esse
1063 2635 1481 2710 sententiam,
1529 2633 1706 2718 quod
1765 2633 1991 2697 nuntii
2054 2654 2097 2698 a
2157 2633 2310 2697 sede
2370 2633 2736 2718 apostolica
2798 2634 2987 2698 missi

880 2742 1053 2815 sunt,
1122 2737 1237 2823 qui
1301 2759 1429 2818 eoS,
1499 2735 1801 2822 praestito
1857 2736 2241 2820 juramento
2306 2736 2671 2801 secundum
2736 2757 2984 2801 morem

880 2839 1186 2918 ecclesiae,
1232 2839 1358 2903 sub
1403 2859 1482 2903 ea
1527 2837 1908 2905 conditione
1933 2836 2371 2915 absolverent,
2422 2838 2477 2901 si
2525 2859 2643 2903 rex
2692 2859 2843 2905 cum
2889 2859 2989 2904 ec-

877 2943 1090 3019 clesia,
1165 2941 1526 3007 secundum
1602 2940 1781 3025 quod
1857 2939 2168 3006 dominus
2244 2960 2419 3026 papa
2478 2939 2987 3037 praescripserat,

877 3045 1121 3112 faceret
1180 3064 1426 3130 pacem.
1553 3040 1761 3129 Cujus
1822 3064 1937 3127 spe
1999 3042 2161 3108 data
2206 3040 2711 3107 Cantuariensis
2772 3042 2990 3107 archi-

879 3148 1194 3213 diaconus
1256 3150 1327 3211 et
1393 3144 1510 3209 alii
1578 3142 1696 3229 qui
1761 3148 1954 3208 erant
2022 3144 2095 3207 in
2156 3143 2461 3229 partibus
2528 3144 2989 3208 transmarinis

878 3248 1167 3316 absoluti
1227 3252 1408 3327 sunt,
1470 3245 1811 3331 praemissa
1862 3245 2195 3331 juratoria
2260 3245 2583 3309 cautione.
2695 3244 2785 3309 Et
2831 3246 2990 3330 quia

877 3372 1014 3438 pax
1059 3348 1240 3435 infra
1282 3348 1527 3413 festum
1574 3346 1754 3413 beati
1801 3346 2148 3413 Michaelis
2182 3346 2287 3430 (ut
2316 3345 2692 3412 condictum
2740 3346 2985 3431 fuerat)
3061 3386 3069 3393 -

879 3457 1104 3521 secuta
1171 3472 1307 3517 non
1371 3455 1492 3527 est,
1560 3450 1633 3514 in
1702 3449 1981 3515 eandem
2060 3449 2463 3515 sententiam
2538 3449 2987 3516 anathematis

868 3557 1072 3644 juxta
1117 3554 1494 3621 condictum
1539 3552 1797 3617 reducti
1846 3557 2019 3616 sunt.
2114 3552 2357 3637 Liquet
2388 3572 2542 3637 ergo
2575 3572 2775 3637 quam
2820 3554 2988 3639 peri-

877 3658 1098 3725 culosa
1137 3657 1230 3721 sit
1257 3654 1682 3741 participatio
1714 3674 1977 3733 eorum;
2022 3652 2205 3719 nam¹
2236 3674 2470 3719 revera
2490 3650 2515 3689 ²
2546 3654 2985 3718 excommuni-

879 3760 1010 3826 cati
1057 3764 1247 3825 erant
1292 3778 1456 3843 quos
1487 3756 1840 3842 oportebat
1885 3755 2159 3821 absolvi.
2272 3756 2591 3843 Superest
2634 3761 2859 3821 autem
2908 3762 2986 3821 ut

879 3860 1365 3927 animadversio
1396 3858 1713 3945 procedat
1758 3856 2061 3934 ulterius,
2109 3856 2265 3943 quia
2310 3854 2666 3922 haereditas
2714 3857 2986 3923 Domini

878 3966 962 4030 de
993 3984 1196 4029 manu
1236 3961 1531 4028 hostium
1577 3960 1843 4025 liberari
1879 3980 2017 4024 non
2046 3963 2271 4044 potest
2297 3958 2430 4023 nisi
2475 3958 2548 4021 in
2579 3979 2782 4023 manu
2812 3958 2985 4024 forti.

882 4066 964 4131 In
1010 4086 1142 4151 quo
1187 4063 1500 4131 conflictu
1555 4066 1865 4147 patenter
1916 4065 2227 4146 agnoscet
2286 4059 2617 4125 Dominus
2664 4058 2780 4145 qui
2826 4063 2987 4125 sunt

877 4168 1039 4254 ejuS,
1071 4171 1142 4231 et
1171 4166 1287 4251 qui
1335 4162 1544 4250 pluris
1591 4163 1849 4229 faciunt
1893 4162 2059 4227 ollas
2098 4161 2454 4247 AEgyptias
2504 4183 2676 4248 pane
2722 4161 2987 4239 caelesti,

878 4270 1080 4337 verbo
1125 4267 1378 4333 scilicet
1421 4264 1550 4331 Dei
1583 4264 1759 4350 quod
1805 4264 1925 4329 dat
1955 4263 2165 4328 vitam
2212 4263 2478 4328 mundo.
2572 4262 2986 4349 Quicumque

879 4393 1038 4438 vero
1067 4370 1343 4435 fuerunt
1388 4365 1478 4443 hi,
1509 4370 1752 4431 sortem
1799 4365 2251 4430 damnationis
2296 4385 2437 4429 suae
2483 4364 2807 4451 recipient
2834 4384 2987 4430 cum

879 4474 985 4539 his
1051 4493 1214 4559 quos
1279 4476 1459 4535 terra
1520 4468 1712 4533 vivos
1779 4466 2141 4532 absorbuit.
2276 4466 2456 4532 Nam
2522 4467 2639 4553 qui
2703 4467 2988 4553 peccatis

947 4653 965 4685 ¹
997 4667 1132 4712 nam,
1153 4665 1256 4703 om.
1281 4648 1344 4699 L.
1926 4642 1937 4711 Ι
2032 4643 2054 4676 ²
2087 4660 2142 4693 rc
2165 4659 2245 4705 ca,
2268 4644 2333 4695 G.

1246 4834 1268 4857 ⁸
1302 4828 1333 4854 ‘⁸
1358 4824 1559 4875 Nomen
1583 4830 1662 4875 est
1685 4820 2235 4875 Chaldaicum-rex.”
2302 4799 2623 4875 schleusner·
