3634 5800
628 858 758 908 an.
794 838 1019 925 1171.]
1498 854 1861 904 mus-rotun.
2608 842 2735 903 485

625 1044 938 1108 mandato
982 1042 1265 1109 Romani
1310 1042 1657 1128 pontificis,
1714 1042 1824 1106 vel
1885 1042 2091 1127 legati
2137 1042 2224 1107 ab
2270 1063 2346 1108 eo
2393 1041 2734 1118 destinati,

626 1146 859 1210 divina
901 1144 1115 1211 officia
1157 1144 1483 1211 celebrare
1526 1150 1907 1229 praesumat.

717 1248 897 1313 Data
940 1248 1215 1325 Tuscul„
1264 1248 1329 1314 ii.
1378 1246 1541 1313 Idus
1590 1246 1769 1313 Maii.

1503 1702 1857 1770 DOOLVI.

844 1879 1245 1947 Anonmus
1266 1889 1295 1919 ⁸
1338 1894 1435 1944 An
1481 1880 1928 1964 Grunnn‘mn
1974 1877 2525 1945 Lonnoumnsnu

1478 1998 1886 2047 EPISCOPUM.

1361 2158 1455 2219 (D.
1482 2162 1577 2217 ⁸⁴³
1616 2158 1683 2208 G.
1706 2158 1820 2207 1¹01.
1845 2160 1990 2219 520.)

722 2318 1000 2383 Venturi
1046 2320 1221 2395 sunt,
1264 2319 1345 2381 ut
1388 2316 1649 2393 dicitur,
1682 2317 1998 2402 magister
2048 2316 2227 2381 Otho
2252 2316 2274 2355 ¹
2322 2316 2735 2383 Tusculanus

627 2420 971 2505 episcopus
1042 2422 1111 2483 et
1178 2418 1483 2483 dominus
1546 2417 1865 2482 Albertus
1933 2418 2281 2503 presbyter
2343 2419 2730 2498 cardinalis3

628 2528 698 2587 et
741 2523 799 2584 si
844 2521 1151 2585 dominus
1198 2542 1315 2586 rex
1369 2520 1685 2585 mandato
1728 2519 1981 2584 domini
2029 2525 2204 2585 stare
2235 2521 2540 2599 voluerit,
2575 2528 2738 2587 tunc

628 2623 921 2689 creditur
968 2643 1077 2687 eos
1107 2625 1425 2687 venturos
1474 2622 1547 2685 in
1594 2621 1927 2707 Angliam.
2019 2621 2348 2686 Dominus
2394 2622 2440 2685 J
2440 2624 2736 2689 acinctus

626 2724 899 2790 transiit
922 2722 947 2761 ²
1005 2724 1078 2787 in
1133 2722 1550 2809 Hispaniam,
1599 2722 1951 2788 functurus
2012 2722 2260 2787 ibidem
2308 2722 2517 2789 officio
2563 2726 2737 2811 lega-

626 2828 845 2893 tionis,
938 2826 1167 2890 Abbas
1196 2824 1727 2890 claraevallensis
1758 2825 1894 2889 fuit
1939 2824 2296 2891 Placentiae
2357 2826 2571 2914 prima
2631 2829 2739 2893 die

625 2929 977 2994 Dominica
1051 2933 1201 3013 post
1260 2927 1727 2992 Ascensionem
1804 2926 2095 3005 Domini,
2173 2929 2576 2993 transiturus
2650 2931 2738 2995 ad

628 3032 969 3096 dominum
1013 3050 1273 3116 papam,
1316 3035 1385 3094 et
1430 3029 1699 3094 modum
1766 3029 1958 3113 pacis
2007 3030 2180 3095 sicut
2249 3037 2318 3095 et
2377 3031 2737 3118 imperator

628 3140 697 3199 et
739 3155 857 3198 rex
899 3133 1303 3198 Francorum
1348 3131 1697 3196 concordes
1742 3131 1960 3197 effecti
2015 3138 2194 3212 sunt,
2227 3134 2495 3199 domino
2545 3156 2737 3221 papae

627 3242 697 3301 et
733 3236 931 3300 curiae
973 3232 1469 3320 representabit.
1562 3233 1811 3298 Nuntii
1855 3234 2067 3298 nostri
2098 3234 2459 3300 transitum
2489 3237 2738 3303 habue-

627 3342 789 3402 runt
832 3357 1035 3422 prope
1088 3335 1367 3399 Romam
1423 3333 1599 3398 datis
1653 3334 2069 3398 senatoribus
2123 3335 2368 3420 viginti
2417 3337 2622 3416 libris„
2668 3345 2738 3405 et

624 3439 827 3502 iidem
889 3436 1116 3501 nuntii
1176 3435 1453 3499 fuerunt
1512 3434 1846 3511 Bononiae‚
1915 3435 1988 3498 in
2058 3435 2294 3514 reditu,
2356 3439 2569 3523 prima
2629 3439 2737 3505 die

628 3538 977 3604 Dominica
1034 3541 1185 3622 post
1247 3535 1731 3600 Ascensionem.
1825 3533 2276 3621 Wigornensis
2325 3543 2547 3604 tamen
2599 3541 2738 3626 epi-

628 3661 861 3727 scopus
914 3646 985 3704 et
1036 3637 1444 3724 Reginaldus
1497 3637 1998 3702 archidiaconus
2057 3659 2190 3702 non
2251 3641 2394 3705 ausi
2459 3648 2617 3706 sunt
2669 3664 2736 3707 se

628 3742 1036 3809 committere
1082 3740 1237 3805 fidei
1290 3745 1685 3805 senatorum.
1780 3739 2113 3805 Robertus
2143 3741 2224 3806 de
2271 3741 2466 3809 Novo
2515 3744 2738 3830 Burgo

629 3845 898 3911 transiit
934 3845 1007 3909 in
1058 3843 1371 3920 Siciliam,
1404 3843 1801 3908 visitaturus
1846 3865 2066 3928 regem
2111 3848 2180 3908 et
2221 3850 2526 3929 parentes
2566 3868 2735 3912 suos.

629 3946 957 4011 Praeterea
1037 3945 1259 4010 sciatis
1340 3943 1519 4029 quod
1594 3943 1900 4008 dominus
1975 3965 2094 4008 rex
2173 3946 2396 4010 omnia
2468 3947 2739 4013 castella

628 4046 995 4112 Widomari
1056 4046 1138 4109 de
1199 4045 1387 4110 Leun
1462 4044 1795 4109 subvertit
1869 4044 1936 4107 in
2017 4045 2385 4124 Britannia,
2446 4050 2738 4134 exceptis

631 4148 846 4215 tribus
913 4169 1060 4233 quae
1106 4147 1413 4211 dominus
1472 4167 1591 4209 rex
1650 4145 1855 4210 habet
1914 4146 1986 4210 in
2048 4168 2250 4211 manu
2305 4170 2439 4213 sua.
2531 4149 2739 4215 Plana

628 4259 809 4318 terra
873 4249 1253 4314 Widomaro
1312 4269 1627 4314 concessa.
1750 4247 1946 4328 Quod
2019 4255 2242 4314 autem
2321 4250 2738 4318 widomarus

697 4499 715 4533 ¹
759 4499 893 4560 Odo,
916 4499 983 4549 D.
1661 4496 1672 4563 ι
1800 4497 1823 4530 2
1857 4499 2060 4560 transit,
2081 4499 2146 4548 D.

691 4707 713 4730 ⁸
744 4698 977 4762 Perhaps
1035 4696 1135 4748 this
1192 4697 1341 4748 letter
1394 4711 1515 4762 may
1568 4699 1632 4747 be
1729 4714 1805 4748 we
1830 4701 1961 4748 have
1986 4714 2125 4760 seen,
2147 4701 2246 4750 had
2287 4702 2414 4752 been
2455 4704 2628 4772 acting
2657 4705 2738 4757 for

657 4776 860 4829 scribed
880 4784 937 4828 to
973 4775 1171 4826 Mater
1209 4774 1397 4838 David,
1422 4775 1551 4836 who,
1574 4791 1631 4826 as
1728 4775 1906 4828 Foliot
1927 4776 1980 4826 in
2003 4778 2088 4828 the
2110 4781 2262 4848 papa!
2285 4789 2448 4834 court.

2760 2330 2941 2380 Move·

2759 2402 2926 2445 ments
2948 2397 3008 2446 of

2761 2462 2848 2512 the
2868 2460 3038 2514 Curia.

2764 3441 2888 3505 May
2910 3447 2962 3492 9.
