3634 5800
918 830 1045 894 536
1800 839 2158 888 EPISTOLAE.
2319 815 2340 842 ”
2639 823 2798 907 [an.
2837 819 3058 888 1172.

917 1027 1034 1112 qui
1078 1048 1149 1092 se
1196 1026 1429 1093 dicunt
1472 1025 1653 1090 illius
1697 1026 1914 1092 sancti
1943 1025 2072 1090 viri
2119 1030 2187 1091 et
2232 1046 2503 1091 suorum
2546 1029 2698 1111 post
2741 1029 3053 1089 mortem

918 1127 1063 1213 ejus
1134 1149 1482 1213 occupasse
1546 1126 1772 1213 spolia,
1819 1127 1876 1191 si
1940 1125 2037 1191 nil
2100 1125 2288 1192 aliud
2345 1127 2422 1190 in
2483 1130 2674 1191 tanto
2737 1125 3058 1192 facinore

918 1227 1413 1307 commiserint,¹
1481 1251 1524 1295 a
1596 1251 1801 1316 poena
1877 1229 2110 1294 mortis
2185 1228 2330 1312 ejus
2403 1228 2807 1293 arbitramur
2895 1249 3054 1292 esse

920 1332 1285 1418 immunes;
1344 1331 1459 1396 sed
1505 1351 1657 1416 quae
1718 1336 2226 1416 occupaverunt,
2271 1331 2367 1395 eis
2413 1351 2694 1416 quorum
2745 1329 3050 1395 fuerunt

918 1437 1239 1498 tenentur
1282 1432 1355 1495 in
1418 1432 1757 1518 integrum
1819 1433 2185 1509 restituere,
2229 1432 2288 1498 si
2333 1431 2586 1498 habent
2629 1433 2702 1496 in
2746 1431 3050 1498 faculta-

922 1535 1104 1601 tibus
1151 1533 1328 1599 unde
1376 1555 1455 1598 ea
1497 1533 1770 1600 reddere
1801 1535 2079 1620 possint,
2125 1539 2194 1599 et
2237 1533 2420 1620 ipsis,
2469 1556 2555 1600 ex
2599 1534 2740 1612 hoc,
2782 1533 3048 1620 poena,⁵²

924 1635 1269 1700 moderata
1314 1641 1559 1712 tamen,
1601 1639 1703 1699 est
1747 1633 2118 1699 indicenda.
2212 1634 2386 1714 Quia
2429 1635 2586 1700 licet
2629 1635 2906 1720 quidam
2951 1657 3048 1701 ex

926 1736 1033 1801 his
1078 1757 1154 1801 ea
1200 1758 1349 1821 quae
1392 1740 1802 1821 occuparunt
1863 1757 1932 1800 se
1978 1736 2316 1801 fateantur
2337 1734 2364 1775 ³
2429 1736 2830 1823 pauperibus
2893 1757 3046 1802 ero-

928 1860 1132 1926 gasse,
1178 1859 1315 1903 non
1359 1843 1586 1903 tamen
1630 1837 1882 1902 alienas
1927 1859 2048 1915 res,
2097 1859 2247 1904 cum
2295 1839 2472 1924 ipsas
2517 1838 2893 1926 potuissent
2941 1839 3044 1904 eis

931 1962 1211 2026 quorum
1271 1939 1522 2005 fuerint
1582 1939 1949 2016 restituere,
1997 1939 2372 2006 debuerunt
2429 1941 2831 2026 pauperibus
2892 1962 3042 2006 ero-

930 2063 1105 2128 gare.
1197 2039 1307 2105 Illi
1355 2061 1513 2106 vero
1560 2042 1676 2126 qui
1722 2041 1864 2106 sola
1909 2041 2627 2108 excommunicatorum
2681 2042 3044 2128 participa-

931 2142 1113 2207 tione
1190 2163 1259 2206 se
1324 2162 1469 2207 reos
1538 2163 1679 2206 esse
1752 2147 2170 2227 cognoscunt,
2236 2142 2647 2209 considerata
2721 2143 3042 2228 temporis

928 2244 1159 2319 mora,4
1220 2265 1352 2328 quo
1414 2243 1488 2307 in
1534 2243 1763 2308 eadem
1819 2243 2123 2326 nequitia
2183 2244 2645 2330 perdurarunt,
2694 2250 2765 2310 et
2815 2245 3040 2330 inqui-

931 2347 1060 2411 sito
1106 2345 1310 2410 etiam
1356 2345 1412 2409 si
1460 2344 1555 2408 eis
1601 2345 1838 2409 timore
1870 2343 1977 2408 vel
2012 2345 2359 2410 affectione
2405 2345 3040 2412 communicaverint

930 2448 1213 2512 scienter
1244 2447 1351 2512 vel
1397 2447 1800 2532 ignoranter,
1847 2447 2208 2512 secundum
2261 2447 2399 2526 hoc,
2432 2447 2671 2533 poena³
2717 2453 2820 2513 est
2862 2448 3036 2512 indi-

930 2548 1153 2615 cenda.

1023 2649 1310 2717 Clericos
1386 2653 1611 2714 autem
1688 2669 1852 2735 quos
1929 2654 2191 2715 constat
2281 2656 2570 2716 armatos
2661 2651 3042 2717 interfuisse

936 2759 1128 2835 tanto
1196 2751 1492 2828 facinori,
1558 2756 1627 2817 et
1700 2751 1850 2817 illos
1919 2752 2120 2818 etiam
2184 2753 2452 2819 clericos
2514 2755 2630 2840 qui
2694 2755 3046 2820 consilium

936 2854 1107 2920 illud
1166 2854 1495 2919 dederunt
1561 2858 1641 2919 ut
1704 2853 1883 2920 idem
1948 2854 2054 2919 vir
2071 2851 2098 2892 ⁶
2161 2859 2428 2921 sanctus
2489 2867 2852 2942 caperetur,
2897 2878 3048 2943 per-

937 2962 1141 3043 petuo
1218 2978 1356 3021 non
1426 2956 1642 3020 solum
1716 2955 1802 3021 ab
1873 2956 2106 3022 altaris
2180 2956 2549 3023 ministerio
2624 2959 3048 3045 deponendos

941 3080 1081 3123 esse
1144 3079 1504 3135 censemUS,
1550 3058 1666 3123 sed
1726 3059 1842 3133 ita,
1889 3059 2111 3138 etiam,
2159 3060 2337 3145 quod
2398 3059 2470 3124 in
2515 3060 2800 3127 ecclesiis
2859 3062 3049 3126 nullo

940 3182 1233 3248 unquam
1282 3166 1575 3246 tempore
1601 3158 1625 3199 ⁷
1687 3160 2001 3229 lectiones
2050 3162 2291 3246 legant,
2338 3160 2446 3226 vel
2505 3163 2916 3248 responsaria
2971 3163 3052 3227 in

940 3262 1135 3329 choro
1181 3262 1536 3347 separatim
1584 3266 1875 3339 cantent,
1907 3262 2022 3327 sed
2067 3262 2140 3326 in
2184 3262 2454 3348 psalmis
2493 3264 2675 3349 apud
2717 3264 2934 3329 Deum
2964 3265 3051 3330 de

941 3364 1287 3429 commisso
1334 3364 1599 3427 veniam
1646 3369 1960 3449 satagant
2005 3363 2371 3449 implorare.
2495 3364 2776 3451 Insuper
2819 3370 3048 3431 autem

940 3464 1161 3531 clerici
1205 3463 1335 3550 ipsi
1381 3464 1455 3528 in
1486 3464 1790 3530 districto
1834 3464 2118 3529 claustro
2147 3465 2615 3531 monachorum
2647 3467 2758 3531 vel
2785 3469 3051 3533 canoni-

942 3586 1167 3631 corum
1227 3563 1647 3651 regularium,
1692 3565 1749 3629 si
1803 3564 1949 3630 fieri
2009 3570 2242 3651 potest,
2291 3571 2450 3632 sunt
2509 3568 2906 3646 recludendi,
2952 3569 3056 3635 ita

945 3666 1211 3752 quidem
1260 3666 1439 3750 quod
1485 3688 1694 3751 usque
1754 3667 1842 3733 ad
1899 3668 2321 3752 septennium
2366 3668 2474 3733 vel
2517 3669 3052 3755 quinquennium

948 3767 1233 3833 debeant
1277 3766 1363 3832 ab
1408 3766 1826 3833 ecclesiarum
1871 3768 2155 3834 introitu
2199 3769 2472 3835 coerceri
2480 3768 2522 3835 ‚⁸

1014 3984 1031 4017 ¹
1068 3985 1413 4045 commiserint,
1458 3986 1499 4035 Z
1521 4006 1535 4047 ς
1593 3988 1950 4050 commiserunt,
2117 3988 2138 4025 ⁷
2171 3986 2308 4038 nullo
2331 4005 2548 4053 unquam
2569 3996 2800 4056 tempore,
2818 3992 2890 4051 23
2914 3992 3055 4043 nullo

950 4065 1015 4115 G.
2059 4066 2249 4133 [modo]
2280 4084 2492 4131 unquam
2513 4069 2626 4134 ipsi,
2653 4071 2717 4121 G.

1016 4142 1036 4175 2
1063 4143 1379 4207 poenitentia,
1402 4144 1480 4202 G;
1512 4160 1661 4208 pena,
1686 4146 1744 4194 Z.
2119 4146 2141 4177 ⁸
2178 4147 2318 4197 Here
2343 4147 2430 4197 the
2453 4162 2584 4212 copy
2607 4148 2662 4196 in
2686 4150 2726 4198 Z
2757 4148 2942 4200 breaks
2963 4152 3054 4201 off.

1016 4220 1038 4253 ³
1058 4223 1351 4286 firmantur,
1378 4222 1417 4270 Z
1437 4244 1449 4283 ;
1470 4224 1731 4287 fatentur,
1755 4214 1848 4275 G.'
2055 4225 2162 4274 The
2197 4224 2478 4275 remainder
2516 4226 2576 4276 of
2609 4226 2695 4276 the
2728 4227 2875 4278 letter
2915 4231 3056 4279 «leals

1019 4302 1037 4329 ⁴
1073 4314 1231 4361 mora,
1254 4298 1324 4357 Z;
1359 4300 1656 4362 quantitate,
1682 4301 1745 4351 G.
2055 4304 2176 4354 with
2199 4304 2458 4369 questions
2482 4320 2538 4355 as
2571 4314 2625 4355 to
2645 4307 2811 4357 clerks
2835 4308 3055 4375 striking

1018 4380 1038 4411 ⁵
1068 4378 1379 4442 poenitentia,
1407 4375 1487 4437 G;
1515 4394 1684 4443 pana,
1710 4382 1769 4429 Z.
2055 4385 2179 4433 each
2203 4384 2349 4434 other
2369 4386 2476 4433 and
2509 4384 2656 4435 other
2679 4386 2805 4435 such
2827 4394 3055 4439 matters.

1018 4458 1039 4489 ⁶
1075 4457 1153 4533 υεζ
1176 4464 1381 4506 sanctus
1405 4459 1501 4518 vir,
1526 4457 1691 4508 interl.
1718 4460 1757 4511 Z
1796 4464 1880 4521 (as
1913 4460 1960 4509 if

951 4535 1191 4601 omitting
1216 4535 1391 4597 idem).
