3634 5800
675 871 810 921 Am.
847 857 973 922 117
981 860 1070 944 0.]
1551 880 1907 932 EPISTOLAE.
2656 873 2781 934 241

674 1059 848 1125 fecto
909 1063 1006 1128 sic
1072 1087 1376 1150 processu
1445 1069 1760 1154 temporis
1825 1070 2073 1155 poterit
2140 1070 2226 1135 ab
2294 1069 2419 1136 hoc
2482 1071 2785 1158 exemplo

673 1162 934 1231 malitia
1001 1167 1468 1245 convalescere,
1535 1175 1614 1234 ut
1678 1192 1802 1236 nec
1866 1171 2203 1236 Romanus
2266 1173 2407 1259 ipse
2480 1173 2783 1258 pontifex

671 1265 745 1330 in
789 1272 932 1332 toto
977 1291 1182 1356 regno
1241 1271 1547 1337 inveniat
1591 1273 1704 1358 qui
1756 1273 1817 1337 ei
1865 1280 2095 1338 contra
2154 1295 2373 1360 regem
2419 1280 2540 1339 aut
2598 1275 2781 1359 prin-

671 1369 848 1453 cipes
897 1371 1058 1436 velit
1125 1377 1244 1437 aut
1305 1373 1550 1439 audeat
1617 1375 1900 1440 obedire.
1999 1375 2145 1441 Hoc
2190 1381 2292 1440 est
2360 1376 2536 1441 enim
2600 1376 2781 1460 quod

670 1471 894 1556 agitur
968 1474 1054 1537 ab
1129 1474 1278 1552 illis,
1357 1475 1482 1540 hoc
1548 1483 1652 1540 est
1725 1477 1904 1562 quod
1978 1482 2205 1542 nostro
2265 1499 2530 1542 causam
2592 1478 2781 1543 dedit

671 1573 923 1640 exsilio,
1000 1575 1068 1638 N
1071 1597 1142 1642 ec
1163 1579 1188 1625 1
1223 1578 1398 1642 enim
1447 1584 1549 1643 est
1580 1580 1783 1663 (sicut
1812 1579 2132 1664 quosdam
2171 1579 2470 1644 dominos
2500 1586 2775 1660 nostros,

667 1675 904 1740 fratres
965 1683 1237 1756 vestros
1301 1680 1500 1745 audio
1569 1683 1935 1756 susurrare)
1982 1682 2160 1766 quod
2224 1681 2391 1745 mihi
2458 1682 2777 1767 imputari

669 1777 906 1843 debeat
949 1781 1368 1846 visitationes
1413 1782 1698 1869 Angliae,
1750 1805 1901 1867 quae
1946 1783 2357 1849 decessorum
2404 1790 2775 1849 vestrorum

667 1884 960 1966 tempore
1035 1883 1337 1948 solebant
1411 1885 1574 1961 fieri,
1647 1885 1839 1949 vobis
1915 1907 2053 1951 esse
2120 1885 2508 1951 subtractae.
2604 1885 2775 1951 Mihi

664 1984 891 2067 potius
990 1991 1060 2050 et
1182 1985 1436 2052 Christi
1536 1985 1989 2073 pauperibus,2
2094 1987 2483 2054 coexulibus
2592 1988 2773 2064 meis,

665 2084 882 2150 fuerat
925 2087 1394 2172 imputandum
1443 2090 1619 2174 quod
1666 2091 1856 2154 vobis
1901 2089 2153 2174 aliquid
2216 2095 2623 2155 reservatum
2670 2097 2773 2156 est

661 2187 735 2250 in
779 2195 956 2253 terra
1002 2189 1132 2254 illa.
1230 2191 1539 2276 Legatur‚
1584 2192 1641 2256 si
1686 2192 1919 2277 placet,
1966 2191 2227 2271 libellus
2272 2193 2768 2276 reprobatarum
2796 2195 2909 2274 The
2930 2214 3027 2276 qon

661 2295 1230 2372 consuetudinum,
1309 2317 1472 2381 quas
1549 2299 1782 2360 contra
1858 2293 2194 2359 ecclesiam
2286 2294 2615 2371 vendicat,
2700 2302 2769 2360 et
2797 2273 3071 2318 ⁸t¹t¹¹t¹⁰¹¹³'

660 2398 870 2462 nostri
935 2397 1155 2462 exsilii
1199 2419 1396 2462 causa
1441 2400 1615 2472 sunt,
1663 2401 1733 2459 et
1799 2396 1997 2481 plane
2063 2396 2377 2461 videbitis
2424 2396 2767 2481 quomod0,

659 2505 1016 2585 antequam
1085 2499 1636 2586 proclamaremus
1710 2497 2193 2583 appellantium
2269 2498 2356 2562 ad
2415 2519 2535 2562 vos
2611 2519 2725 2562 ora
2742 2496 2769 2536 ³

659 2601 1112 2686 praecluserit?
1157 2601 1482 2687 quomodo
1527 2600 1670 2664 sine
1721 2599 2055 2685 juratoria
2100 2599 2403 2664 cautione
2457 2621 2767 2685 personas

657 2703 1126 2768 ecclesiasticas
1191 2702 1620 2766 transfretare
1679 2699 2113 2786 prohibuerit,
2177 2698 2502 2783 quomodo
2565 2700 2767 2765 suffo-

656 2805 905 2868 caverit
972 2805 1364 2869 electionum
1421 2803 1592 2888 jura‚
1639 2802 1965 2888 quomodo
2010 2801 2232 2866 omnia
2287 2800 2558 2885 judicia,
2620 2807 2759 2866 tam

655 2908 1092 2974 ecclesiastica
1131 2929 1330 2993 quam
1376 2909 1728 2985 mundana,
1779 2904 2059 2973 traxerit
2102 2905 2187 2970 ad
2233 2924 2511 2969 examen
2558 2906 2757 2971 curiae

653 3031 808 3086 suae,
858 3010 1182 3095 quomodo
1227 3011 1300 3075 in
1345 3010 1589 3075 eisdem
1633 3006 2220 3075 consuetudinibus
2252 3028 2511 3071 omnem
2556 3006 2756 3073 eccle-

653 3112 983 3177 siasticam
1073 3112 1490 3198 jugulaverit
1561 3111 1956 3213 ¹iibertatem.
2080 3110 2263 3189 QuiS,
2338 3114 2561 3173 vestro
2634 3115 2756 3174 aut

655 3213 1064 3279 decessorum
1110 3221 1482 3281 vestrorum
1535 3219 1848 3300 tempore,
1892 3213 2228 3299 appellans
2272 3212 2358 3277 ad
2420 3211 2756 3277 ecclesiam

653 3314 1040 3393 Romanam,
1085 3338 1288 3401 prece,
1338 3316 1446 3381 vel
1489 3318 1719 3401 pretio,
1750 3316 1859 3380 vel
1895 3316 2045 3401 jure
2090 3320 2321 3380 contra
2364 3334 2516 3378 eum
2554 3313 2755 3397 justi-

651 3419 818 3482 tiam
885 3418 1108 3503 potuit
1176 3418 1520 3484 obtinere?
1632 3418 2165 3503 Appellationem
2235 3416 2587 3482 decessoris
2650 3416 2757 3479 sui

650 3518 780 3583 luit
842 3518 1058 3583 adhuc
1128 3519 1520 3584 Exoniensis
1591 3520 1951 3604 episcopus,
2018 3516 2355 3583 ecclesiam
2411 3518 2491 3582 de
2557 3518 2754 3581 Bose-

649 3620 804 3685 ham
850 3640 985 3685 suae
1032 3620 1318 3685 ecclesiae
1365 3624 1596 3686 contra
1648 3640 1909 3684 omnem
1962 3618 2301 3703 justitiam
2346 3619 2753 3684 subtractam

651 3722 894 3787 dolens.
988 3722 1498 3787 Saresberiensis
1567 3722 1927 3807 episcopuS,
1991 3722 2098 3787 cui
2160 3741 2229 3785 se
2292 3742 2471 3786 nunc
2530 3720 2753 3786 favere

647 3824 1062 3889 dissimulat¹⁵
1129 3829 1394 3909 propter
1459 3821 1965 3888 inobedientiae⁶
2012 3822 2274 3898 crimen,
2334 3826 2622 3887 castrum
2668 3822 2753 3887 de

647 3928 900 3991 Divisis
921 3926 944 3967 ⁷
1019 3932 1088 3992 et
1161 3926 1326 3992 alias
1401 3928 1838 4014 possessiones
1912 3926 2199 3991 ecclesiae
2276 3948 2413 3991 suae
2504 3926 2750 3991 multas

645 4030 917 4105 amittit,
963 4029 1122 4114 quia
1180 4028 1397 4114 ipsum
1442 4028 1528 4093 ad
1591 4028 1959 4094 faciendam
2018 4028 2526 4105 restitutionem,
2562 4029 2748 4114 jura-

645 4130 854 4194 menti
923 4129 1236 4215 religione
1297 4132 1627 4195 arctatum
1675 4130 2083 4195 decessorum
2149 4133 2519 4193 vestrorum
2568 4130 2749 4195 Ana-

637 4232 827 4297 stasii
902 4237 972 4296 et
1039 4231 1321 4296 Adriani
1389 4231 1650 4307 litteris,
1699 4250 1899 4295 ausus
1961 4236 2064 4295 est
2132 4230 2499 4297 convenire.
2593 4231 2659 4295 N
2662 4251 2751 4296 on

711 4520 726 4546 ¹
763 4534 942 4581 neque.
964 4520 1026 4577 O,
1053 4518 1104 4567 A
1125 4539 1139 4579 ς
1176 4534 1280 4582 nec,
1303 4520 1363 4569 L.
1815 4520 1837 4553 ⁸
1872 4520 2092 4584 simulat,
2112 4521 2171 4571 Z.

707 4599 730 4631 ²
764 4605 828 4657 et,
850 4596 948 4647 ins.
973 4596 1034 4646 L.
1815 4597 1837 4630 ⁶
1870 4596 2135 4658 violentioe,
2157 4600 2222 4648 L.

707 4676 729 4709 ³
763 4676 911 4735 hora,
933 4674 1004 4725 V.
1817 4674 1841 4713 ‘0'
1878 4675 2101 4737 Divino,
2125 4676 2196 4739 A,
2219 4677 2295 4740 Z3
2334 4676 2555 4738 Divisa,
2578 4678 2640 4727 L.

715 4756 732 4785 ⁴
760 4752 1040 4821 praeclmit,
1070 4756 1135 4807 Ο.

831 4850 864 4884 o
897 4836 1022 4887 ¹24⁷
2423 4854 2467 4916 Q
