3634 5800
633 876 768 926 Aa).
802 857 1024 942 1171]
1378 858 1383 863 ’
1502 872 1866 923 nms'rom.
2609 853 2739 918 439

634 1058 1063 1143 pertinaciter
1090 1055 1462 1123 videbatur.
1552 1054 1949 1122 Miserabilis
1979 1058 2124 1120 erat
2167 1052 2492 1118 malorum
2523 1050 2737 1125 facieS,

598 1216 602 1221 ,
632 1164 704 1224 et
747 1160 950 1225 anxia
994 1159 1384 1226 vicissitudo
1428 1159 1748 1237 dolorum,
1794 1157 2110 1243 quoniam
2157 1156 2274 1241 qui
2334 1154 2738 1220 sacerdotem

632 1261 1159 1328 lamentabamur
1218 1262 1546 1347 primitus
1595 1262 1677 1326 de
1742 1261 1916 1346 regis
1985 1259 2199 1325 salute
2265 1261 2740 1342 consequenter

632 1364 951 1449 coepimus
1016 1363 1380 1448 desperare,
1435 1366 1503 1427 et
1566 1362 1641 1425 in
1708 1361 1986 1427 alterius
2049 1381 2208 1426 nece
2275 1356 2739 1423 miserabiliter

632 1469 988 1549 utrumque
1040 1464 1461 1529 credebamus
1485 1461 1508 1501 ¹
1571 1459 1922 1527 interisse?
2059 1459 2262 1526 Porro
2307 1457 2735 1545 querentibus

630 1566 876 1643 amicis,
924 1569 993 1630 et
1038 1565 1358 1652 episcopis
1418 1563 1725 1641 maxime,
1771 1562 1956 1648 quod
2015 1584 2170 1643 eum
2231 1562 2319 1627 ad
2383 1582 2452 1625 se
2519 1558 2735 1623 redire

629 1686 766 1731 non
832 1667 1264 1753 permitteret,
1332 1665 1674 1753 respondit
1740 1686 1811 1730 se
1885 1669 2182 1729 metuere
2257 1684 2344 1727 ne
2373 1660 2400 1701 ⁸
2475 1660 2734 1727 sceleris

630 1772 929 1832 auctores
988 1773 1057 1833 et
1118 1766 1481 1854 compliceS,
1512 1766 1757 1831 veteris
1809 1765 2102 1831 rancoris
2146 1762 2561 1840 confidentia,
2607 1763 2730 1826 im-

630 1869 1005 1953 punitatem
1050 1869 1179 1935 sibi
1222 1868 1515 1935 criminis
1560 1867 2091 1953 promississent:
2136 1864 2295 1933 licet
2337 1864 2480 1949 ipse
2524 1868 2732 1928 novas

628 1968 1013 2035 inimicitias
1057 1968 1431 2035 recentibus
1475 1967 1739 2055 injuriis
1770 1972 1842 2033 et
1883 1965 2347 2052 frequentibus
2390 1964 2731 2031 maleficiis

627 2077 1049 2156 compararet,
1095 2071 1407 2137 arbitrari
1450 2092 1519 2135 se
1564 2070 1854 2137 nominis
1897 2070 2002 2135 sui
2049 2069 2294 2135 famam
2339 2074 2409 2134 et
2451 2068 2730 2155 gloriam

628 2171 994 2237 maledictis
1054 2173 1515 2238 aemulatorum
1538 2170 1565 2210 4
1615 2170 1904 2257 respergi
1962 2190 2168 2256 posse,
2215 2174 2286 2234 et
2329 2168 2615 2256 confingi
2661 2170 2731 2233 id

632 2294 715 2337 ex
746 2273 889 2359 ejus
918 2274 1319 2341 conscientia
1347 2273 1772 2360 processisse;
1812 2272 1924 2338 sed
1959 2271 2482 2357 omnipotentem
2513 2270 2733 2337 Deum

630 2396 699 2440 se
745 2380 983 2441 testem
1042 2377 1350 2443 invocare
1410 2376 1483 2440 in
1535 2375 1831 2441 animam
1891 2395 2096 2451 suam,
2146 2372 2325 2459 quod
2388 2394 2554 2459 opus
2617 2394 2730 2438 ne-

631 2478 909 2544 fandum
952 2501 1073 2545 nec
1116 2501 1239 2545 sua
1282 2479 1631 2545 voluntate
1682 2498 1805 2543 nec
1847 2477 2252 2543 conscientia
2315 2477 2734 2542 commissum

634 2587 754 2659 est,
783 2603 905 2647 nec
945 2582 1226 2648 artificio
1270 2582 1729 2668 perquisitum,
1758 2580 1892 2645 nisi
1921 2579 2091 2645 forte
2137 2579 2210 2643 in
2249 2578 2374 2645 hoc
2420 2578 2734 2645 delictum

635 2684 741 2759 sit,
788 2682 965 2769 quod
1008 2683 1225 2749 adhuc
1268 2684 1488 2748 minus
1533 2682 1808 2768 diligere
1853 2680 2261 2747 credebatur.
2353 2680 2569 2766 Super
2613 2680 2736 2748 hoc

636 2806 893 2869 quoque
939 2806 1007 2849 se
1059 2784 1314 2870 judicio
1358 2783 1646 2850 ecclesiae
1704 2804 1973 2868 prorsus
2018 2802 2360 2868 exponere,
2406 2787 2476 2848 et
2519 2783 2738 2847 humi-

635 2885 789 2951 liter
832 2889 1287 2973 suscepturum
1334 2884 1662 2972 quidquid
1706 2885 1782 2948 in
1825 2906 1902 2950 eo
1947 2882 2156 2950 fuerit
2202 2884 2558 2951 salubriter
2603 2890 2734 2951 sta-

636 2988 974 3055 tuendum.
1080 2987 1583 3055 Communicato
1646 2984 1898 3072 igitur⁶
1941 2985 2230 3064 consilio,
2283 2987 2356 3050 in
2417 2987 2542 3054 hoc
2585 2988 2737 3051 uni-

640 3113 977 3158 versorum
1046 3093 1445 3160 consultatio
1507 3091 1907 3176 conquievit,
1971 3096 2050 3155 ut
2117 3090 2293 3156 sedis
2363 3091 2740 3177 apostolicae

640 3194 1033 3280 sapientiam
1103 3198 1174 3260 et
1242 3193 1707 3258 auctoritatem
1775 3191 2164 3269 consuleret,
2229 3213 2429 3277 quam
2495 3193 2738 3279 spiritu

641 3298 1003 3383 sapientiae,
1064 3302 1134 3362 et
1206 3296 1557 3382 potestatis
1635 3294 2054 3381 plenitudine
2119 3294 2502 3362 Christiana
2575 3296 2738 3363 fides

638 3398 959 3483 praedicat
1024 3397 1477 3463 abundantius
1541 3396 1927 3473 redundare,
1973 3404 2046 3461 et
2103 3396 2281 3482 apud
2342 3398 2482 3463 ea'm
2549 3421 2738 3464 suam

640 3499 907 3564 studeat
966 3499 1413 3565 innocentiam
1478 3497 1691 3564 modis
1754 3496 2072 3584 legitimis
2133 3509 2202 3562 et
2245 3500 2576 3565 canonicis
2623 3521 2740 3587 ap-

637 3599 930 3685 probare.
1024 3599 1483 3686 Supplicamus
1531 3619 1685 3684 ergo
1716 3602 2065 3683 quatenuS‚
2097 3600 2460 3664 secundum
2506 3601 2739 3666 datum
2765 3620 2820 3672 A
2842 3621 2980 3670 word
2995 3621 3078 3671 for

639 3721 683 3765 a
726 3700 870 3767 Deo
899 3702 1091 3766 vobis
1136 3701 1445 3787 spiritum
1490 3699 1746 3766 consilii
1795 3704 1864 3764 et
1909 3699 2342 3778 fortitudinia
2385 3701 2561 3766 tanti
2608 3724 2740 3769 sce-
2765 3689 2856 3738 the
2877 3688 3021 3754 king.

639 3800 795 3866 leris
840 3803 1219 3869 auctoribus
1265 3801 1627 3868 secundum
1672 3799 1836 3866 facti
1879 3801 2366 3866 immanitatem
2428 3803 2745 3869 severitas

643 3910 867 3971 vestra
910 3905 1253 3980 retribuat,
1301 3906 1371 3968 et
1414 3923 1601 3968 suam
1648 3902 2096 3968 innocentiam
2147 3903 2288 3989 regi
2331 3903 2546 3989 pietas
2590 3927 2749 3991 apo-

644 4008 880 4073 stolica
954 4008 1027 4071 in
1049 4005 1077 4045 ⁶
1152 4009 1337 4071 statu
1408 4026 1529 4069 suo
1604 4003 1776 4069 velit
1849 4003 2269 4070 affectuosius
2343 4027 2741 4074 conservare.

646 4109 1082 4196 Omnipotens
1127 4106 1310 4173 Deus
1357 4125 1703 4191 personam
1746 4109 2041 4171 vestram
2095 4107 2381 4174 ecclesiae
2440 4128 2578 4174 suae
2622 4129 2742 4195 per

640 4210 855 4276 multa
897 4216 1197 4295 tempora
1240 4211 1583 4274 conservet
1625 4206 2037 4272 incolumem.

704 4437 723 4470 ¹
756 4435 1093 4499 credebamus,
1136 4432 1208 4496 03
1259 4431 1533 4494 credebam,
1562 4431 1635 4492 V,
1806 4431 1830 4464 ⁴
1864 4431 2162 4494 emulorum,
2187 4433 2262 4496 03
2299 4433 2646 4498 aemuhztomm,
2666 4438 2728 4490 1..
2755 4467 2759 4472 -

634 4518 701 4570 o,
1150 4503 1155 4508 ’
1806 4513 1828 4542 ⁸
1860 4511 1975 4573 sibi,
1999 4513 2076 4572 ος
2110 4515 2290 4578 iqitur,
2311 4514 2374 4567 L.

703 4596 727 4629 ²
758 4594 1007 4652 interisse,
1031 4591 1075 4646 C·
1100 4612 1117 4656 3
1151 4589 1423 4652 interiisse,
1442 4590 1505 4641 L.
1807 4590 1830 4622 ⁶
1861 4599 1930 4654 et,
1950 4589 2020 4641 L.

701 4677 723 4711 ³
756 4685 838 4735 ne,
859 4689 960 4726 om.
984 4671 1044 4726 C.
1082 4745 1093 4754 .
