3634 5800
690 860 823 914 ΑΔ).
862 848 1087 934 1169.]
1567 865 1924 916 nr1sr0LAE.
2662 846 2790 912 183

690 1045 924 1111 riensis
969 1049 1253 1114 eoclesiae
1319 1049 1623 1116 minister
1666 1048 1958 1124 humilis,
2006 1052 2074 1112 et
2144 1045 2532 1112 miserabilis
2593 1043 2802 1112 exsul,

690 1148 992 1226 salutem,
1036 1155 1107 1216 et
1174 1150 1503 1218 modicum
1550 1149 1620 1215 id
1697 1149 1874 1236 quod
1937 1147 2205 1213 devotio
2271 1152 2491 1234 potest
2553 1146 2800 1211 exsulis

692 1255 765 1314 et
807 1252 1174 1339 proscripti.

785 1351 1141 1420 Dilectioni
1186 1359 1423 1422 vestrae
1484 1377 1685 1444 super
1744 1354 2188 1422 consolatione
2252 1373 2450 1440 quam
2497 1351 2686 1418 nobis
2733 1356 2802 1417 et

694 1454 937 1518 nostris
1001 1478 1258 1543 semper
1300 1457 1698 1523 exhibuistis
1743 1479 1878 1522 non
1937 1455 2294 1522 sufficimus
2339 1455 2608 1520 reddere
2653 1476 2802 1541 gra-

696 1555 943 1620 tiarum
1011 1557 1267 1624 debitas
1334 1559 1641 1624 actiones.
1736 1558 1998 1623 Reddet
2060 1563 2303 1633 autem,
2363 1555 2497 1637 Qui
2565 1560 2802 1643 potens

696 1655 841 1733 est,¹
886 1678 1005 1742 pro
1050 1657 1239 1744 eujus
1268 1660 1519 1725 honore
1564 1659 2084 1744 persecutionem
2131 1657 2440 1744 patimur,
2475 1656 2804 1725 ChristuS.

698 1759 788 1825 Et
848 1781 987 1839 noe,
1032 1762 1089 1827 si
1152 1762 1315 1848 quid
1382 1785 1676 1848 unquam
1738 1762 2163 1848 potuerimuS,
2229 1761 2317 1827 ad
2375 1766 2672 1826 vestrum
2737 1767 2806 1826 et

698 1866 1087 1941 vestrorum,
1156 1870 1235 1929 ut
1288 1864 1733 1950 justissimum
1797 1869 1916 1940 est,
1977 1864 2266 1949 prompti
2334 1857 2562 1928 sumus
2621 1863 2806 1928 obse-

701 1962 947 2048 quium.
1026 1965 1397 2032 Poterimus
1442 1973 1685 2044 autem,
1716 1966 2122 2052 propitiante
2168 1966 2310 2031 Deo
2359 1966 2474 2051 qui
2519 1965 2805 2033 ecelesiae

701 2087 839 2132 suae
894 2067 1233 2152 justitiam
1254 2068 1279 2108 ²
1344 2091 1600 2155 semper
1650 2069 1963 2144 illustrat,
2011 2072 2079 2132 et
2123 2089 2302 2134 nune
2367 2068 2567 2152 (sieut
2610 2089 2651 2133 a
2693 2089 2808 2132 ve·
2831 2090 3142 2142 References

703 2169 983 2234 nerabili
1046 2175 1235 2256 patre
1302 2171 1569 2236 domino
1640 2170 2023 2247 Senonensi,
2091 2175 2162 2235 et
2228 2170 2544 2256 magistro
2593 2157 3106 2276 ‘Petro{32132122‘13’01't

704 2271 1097 2338 Carnotensi
1159 2273 1621 2339 archidiacono
1698 2274 1975 2359 potestis
2051 2272 2309 2355 audire)
2372 2270 2694 2338 malitiam
2741 2277 2810 2337 et
2835 2289 3072 2369 proceed-

706 2372 1024 2440 duritiam
1068 2376 1243 2462 regis
1286 2375 1549 2462 Angliae
1594 2375 2132 2440 manifestissime
2175 2373 2559 2439 denudavit.
2639 2373 2811 2438 Filio
2835 2371 2968 2424 ΨΒ*

704 2475 941 2561 gratiae
987 2476 1304 2542 Gratiano
1349 2477 1711 2543 seeundum
1756 2476 1957 2542 fidem
2003 2497 2208 2553 suam,
2255 2481 2321 2542 et
2367 2475 2439 2540 in
2485 2497 2561 2541 ea
2605 2475 2810 2541 sinee-

707 2577 906 2642 ritate
952 2599 1085 2663 qua
1127 2599 1395 2646 eausam
1440 2579 1763 2645 tractavit
1792 2577 2100 2656 eoelesiae,
2146 2577 2541 2664 respondeat
2586 2576 2766 2642 Deus
2795 2601 2814 2655 3

711 2679 871 2764 quia
932 2681 1112 2766 apud
1188 2703 1341 2746 eum
1416 2682 1710 2767 acceptio
1785 2701 2212 2767 personarum
2279 2679 2390 2746 vel
2463 2701 2812 2746 munerum

712 2781 882 2846 nihil
926 2783 1165 2868 potuit,
1196 2784 1311 2849 sed
1356 2783 1643 2849 fideliter
1674 2789 1743 2849 et
1786 2783 2151 2869 prudenter
2194 2783 2281 2847 ad
2324 2782 2642 2847 honorem
2687 2780 2815 2846 Dei

713 2888 783 2950 et
828 2884 1115 2951 ecelesiae
1159 2883 1479 2952 Romanae
1524 2907 1995 2973 usquequaque
2041 2889 2343 2951 versatus
2403 2889 2520 2951 est.
2613 2882 2816 2971 Agite

716 2987 796 3068 ei,
842 2987 898 3053 si
946 2972 1178 3074 placet,
1224 2990 1497 3075 gratias,
1542 2994 1612 3055 et
1674 2988 1916 3054 merita
1981 2988 2274 3075 partium
2320 2988 2408 3053 ab
2469 2988 2613 3073 ipso
2666 2986 2816 3053 dili-

714 3095 949 3177 genter
991 3090 1239 3155 audite.
1334 3092 1629 3159 Nuntios
1672 3096 1934 3156 nostros
1979 3091 2066 3155 ad
2111 3089 2528 3156 elementiam
2574 3090 2818 3154 sereni-
2845 3116 3059 3167 Recom-

716 3190 877 3257 tatis
908 3197 1145 3259 vestrae
1190 3192 1555 3279 dirigimus,
1600 3214 1783 3279 quOS,
1826 3193 1881 3257 si
1927 3192 2161 3278 placet,
2206 3192 2278 3255 in
2324 3212 2522 3257 eausa
2567 3188 2819 3256 Christi
2842 3181 3134 3234 mendation

716 3298 943 3365 audite
990 3306 1067 3364 ut
1110 3320 1230 3364 nos
1290 3299 1486 3385 ipsos,
1533 3304 1603 3363 et
1646 3299 1799 3363 date
1863 3319 2128 3384 operam
2173 3302 2253 3361 ut
2298 3296 2604 3362 dominus
2647 3318 2822 3383 papa
2844 3251 2900 3300 ot
2922 3263 3130 3315 envoys.

718 3401 1050 3468 miseriam
1095 3406 1410 3479 nostram,
1454 3401 1540 3467 ad
1584 3400 1863 3488 gloriam
1908 3400 2037 3465 Dei
2097 3406 2168 3466 et
2228 3400 2544 3466 honorem
2606 3421 2822 3476 suum,

721 3504 1096 3571 consoletur
1140 3504 1431 3570 celerius.
1512 3500 1821 3569 Oramus³
1865 3503 2210 3579 instanter,
2243 3506 2572 3588 quatenus
2601 3507 2822 3589 potest

722 3607 991 3673 devotio
1038 3607 1264 3672 miseri
1283 3606 1311 3645 ⁴
1339 3607 1717 3693 peccatoris,
1778 3610 1859 3671 ut
1922 3605 2103 3670 Deus
2169 3626 2552 3691 prosperum
2616 3604 2823 3669 faeiat

722 3710 853 3775 iter
916 3714 1233 3787 vestrum,
1298 3715 1367 3774 et
1434 3709 1655 3776 felices
1700 3708 1891 3774 vobis
1909 3706 1934 3745 ⁵
1976 3707 2302 3794 largiatur
2367 3707 2454 3772 ad
2530 3704 2824 3793 optanda

722 3832 1075 3877 successus

796 4042 810 4076 ¹
842 4046 1024 4107 potest,
1048 4041 1109 4091 L.
1547 4068 1555 4077 =
1891 4040 1912 4073 ⁴
1945 4039 2188 4101 misereri,
2213 4040 2284 4089 V.

793 4121 815 4155 ²
833 4121 1069 4185 justitia,
1092 4120 1161 4181 A,
1188 4120 1233 4171 Ο
1257 4140 1272 4179 3
1287 4120 1562 4184 justitiam,
1584 4119 1643 4169 L.
1889 4120 1909 4152 ⁵
1947 4120 2103 4181 vobis,
2127 4120 2203 4179 L3
2237 4134 2340 4170 om.
2365 4118 2435 4171 A.

794 4202 817 4236 ³
858 4200 1092 4262 Oramus,
1113 4200 1181 4258 A,
1206 4200 1251 4250 O
1271 4220 1285 4262 ;
1327 4198 1562 4259 Oramus,
1588 4198 1643 4258 Z,
1668 4198 1729 4247 L.
