<?xml version="1.0" encoding="UTF-8"?>
<!DOCTYPE html PUBLIC "-//W3C//DTD XHTML 1.0 Transitional//EN"
    "http://www.w3.org/TR/xhtml1/DTD/xhtml1-transitional.dtd">
<html xmlns="http://www.w3.org/1999/xhtml" xml:lang="en" lang="en">
 <head>
  <title>
</title>
<meta http-equiv="Content-Type" content="text/html;charset=utf-8" />
  <meta name='ocr-system' content='tesseract 3.04.00' />
  <meta name='ocr-capabilities' content='ocr_page ocr_carea ocr_par ocr_line ocrx_word'/>
</head>
<body>
  <div class='ocr_page' id='page_1' title='image "./materialsforhis00herbgoog_0206.png"; bbox 0 0 3634 5800; ppageno 0'>
   <div class='ocr_carea' id='block_1_1' title="bbox 738 852 2844 942">
    <p class='ocr_par' dir='ltr' id='par_1_1' title="bbox 738 852 2844 942">
     <span class='ocr_line' id='line_1_1' title="bbox 738 852 2844 942; baseline -0.003 -16"><span class='ocrx_word' id='word_1_1' title='bbox 738 874 867 926; x_wconf 60' lang='grc' dir='ltr'>ΔΑ).</span> <span class='ocrx_word' id='word_1_2' title='bbox 908 852 1131 942; x_wconf 65' lang='grc'>1169]</span> <span class='ocrx_word' id='word_1_3' title='bbox 1614 870 1970 923; x_wconf 74' lang='lat' dir='ltr'><strong>EPISTOLAE.</strong></span> <span class='ocrx_word' id='word_1_4' title='bbox 2719 853 2844 921; x_wconf 76' lang='lat'>181</span> 
     </span>
    </p>
   </div>
   <div class='ocr_carea' id='block_1_2' title="bbox 1652 1215 1930 1282">
    <p class='ocr_par' dir='ltr' id='par_1_2' title="bbox 1652 1215 1930 1282">
     <span class='ocr_line' id='line_1_2' title="bbox 1652 1215 1930 1282; baseline -0.011 0"><span class='ocrx_word' id='word_1_5' title='bbox 1652 1215 1930 1282; x_wconf 88' lang='lat' dir='ltr'>DCXII.</span> 
     </span>
    </p>
   </div>
   <div class='ocr_carea' id='block_1_3' title="bbox 740 1359 2844 1534">
    <p class='ocr_par' dir='ltr' id='par_1_3' title="bbox 740 1359 2844 1534">
     <span class='ocr_line' id='line_1_3' title="bbox 740 1359 2844 1430; baseline 0 -4"><span class='ocrx_word' id='word_1_6' title='bbox 740 1361 1037 1428; x_wconf 69' lang='lat' dir='ltr'>Tuoms</span> <span class='ocrx_word' id='word_1_7' title='bbox 1106 1362 1671 1430; x_wconf 71' lang='lat' dir='ltr'>CANTUARmNffls</span> <span class='ocrx_word' id='word_1_8' title='bbox 1738 1376 2333 1428; x_wconf 74' lang='lat' dir='ltr'>ARCHIEPISOOPUs</span> <span class='ocrx_word' id='word_1_9' title='bbox 2401 1359 2844 1426; x_wconf 61' lang='lat' dir='ltr'>Anexmmzo</span> 
     </span>
     <span class='ocr_line' id='line_1_4' title="bbox 1305 1464 2276 1534; baseline -0.005 1"><span class='ocrx_word' id='word_1_10' title='bbox 1305 1485 1389 1534; x_wconf 80' lang='lat' dir='ltr'>m·</span> <span class='ocrx_word' id='word_1_11' title='bbox 1433 1468 1478 1534; x_wconf 88' lang='lat' dir='ltr'><strong>J</strong></span> <span class='ocrx_word' id='word_1_12' title='bbox 1480 1483 1702 1534; x_wconf 56' lang='lat' dir='ltr'>onum</span> <span class='ocrx_word' id='word_1_13' title='bbox 1750 1481 2036 1532; x_wconf 69' lang='lat' dir='ltr'>numus</span> <span class='ocrx_word' id='word_1_14' title='bbox 2081 1464 2276 1532; x_wconf 75' lang='lat' dir='ltr'>stus,1</span> 
     </span>
    </p>
   </div>
   <div class='ocr_carea' id='block_1_4' title="bbox 1008 1617 2558 1686">
    <p class='ocr_par' dir='ltr' id='par_1_4' title="bbox 1008 1617 2558 1686">
     <span class='ocr_line' id='line_1_5' title="bbox 1008 1617 2558 1686; baseline -0.003 -16"><span class='ocrx_word' id='word_1_15' title='bbox 1008 1621 1107 1684; x_wconf 76' lang='lat' dir='ltr'>(A.</span> <span class='ocrx_word' id='word_1_16' title='bbox 1130 1621 1229 1671; x_wconf 75' lang='lat'>26⁷</span> <span class='ocrx_word' id='word_1_17' title='bbox 1254 1640 1271 1682; x_wconf 71' lang='grc' dir='ltr'>ς</span> <span class='ocrx_word' id='word_1_18' title='bbox 1307 1621 1371 1674; x_wconf 92' lang='lat'>0.</span> <span class='ocrx_word' id='word_1_19' title='bbox 1400 1623 1530 1682; x_wconf 79' lang='lat'>1903</span> <span class='ocrx_word' id='word_1_20' title='bbox 1562 1621 1618 1671; x_wconf 84' lang='lat' dir='ltr'>Z.</span> <span class='ocrx_word' id='word_1_21' title='bbox 1643 1618 1712 1670; x_wconf 84' lang='lat' dir='ltr'>iii.</span> <span class='ocrx_word' id='word_1_22' title='bbox 1738 1623 1834 1681; x_wconf 77' lang='lat'>673</span> <span class='ocrx_word' id='word_1_23' title='bbox 1868 1620 1998 1686; x_wconf 87' lang='lat' dir='ltr'>Lup.</span> <span class='ocrx_word' id='word_1_24' title='bbox 2022 1618 2097 1670; x_wconf 82' lang='lat' dir='ltr'>iii.</span> <span class='ocrx_word' id='word_1_25' title='bbox 2123 1620 2221 1680; x_wconf 74' lang='lat'>673</span> <span class='ocrx_word' id='word_1_26' title='bbox 2257 1617 2426 1668; x_wconf 86' lang='lat' dir='ltr'>Thom</span> <span class='ocrx_word' id='word_1_27' title='bbox 2451 1621 2558 1680; x_wconf 84' lang='lat'><strong>93.)</strong></span> 
     </span>
    </p>
   </div>
   <div class='ocr_carea' id='block_1_5' title="bbox 736 1750 3146 2249">
    <p class='ocr_par' dir='ltr' id='par_1_5' title="bbox 736 1750 3146 2249">
     <span class='ocr_line' id='line_1_6' title="bbox 828 1750 3142 1839; baseline -0.003 -23"><span class='ocrx_word' id='word_1_28' title='bbox 828 1750 1113 1818; x_wconf 81' lang='lat' dir='ltr'>Solliciti</span> <span class='ocrx_word' id='word_1_29' title='bbox 1172 1756 1383 1818; x_wconf 85' lang='lat' dir='ltr'>estote</span> <span class='ocrx_word' id='word_1_30' title='bbox 1450 1751 1624 1820; x_wconf 81' lang='lat' dir='ltr'>eirea</span> <span class='ocrx_word' id='word_1_31' title='bbox 1682 1753 2026 1839; x_wconf 77' lang='lat' dir='ltr'>negotium</span> <span class='ocrx_word' id='word_1_32' title='bbox 2087 1755 2408 1828; x_wconf 86' lang='lat' dir='ltr'>nostrum,</span> <span class='ocrx_word' id='word_1_33' title='bbox 2483 1753 2553 1815; x_wconf 89' lang='lat' dir='ltr'>et</span> <span class='ocrx_word' id='word_1_34' title='bbox 2615 1753 2844 1816; x_wconf 77' lang='lat' dir='ltr'>contra</span> <span class='ocrx_word' id='word_1_35' title='bbox 2870 1759 3142 1836; x_wconf 69' lang='lat' dir='ltr'>penounc-</span> 
     </span>
     <span class='ocr_line' id='line_1_7' title="bbox 736 1829 3064 1944; baseline -0.001 -26"><span class='ocrx_word' id='word_1_36' title='bbox 736 1853 1143 1920; x_wconf 77' lang='lat' dir='ltr'>adversarios</span> <span class='ocrx_word' id='word_1_37' title='bbox 1188 1860 1448 1924; x_wconf 86' lang='lat' dir='ltr'>nostros</span> <span class='ocrx_word' id='word_1_38' title='bbox 1490 1855 1815 1924; x_wconf 73' lang='lat' dir='ltr'>cautelmn</span> <span class='ocrx_word' id='word_1_39' title='bbox 1865 1859 1936 1920; x_wconf 85' lang='lat' dir='ltr'>et</span> <span class='ocrx_word' id='word_1_40' title='bbox 1977 1855 2366 1921; x_wconf 78' lang='lat' dir='ltr'>continuam</span> <span class='ocrx_word' id='word_1_41' title='bbox 2419 1852 2841 1940; x_wconf 78' lang='lat' dir='ltr'>vigilantiam</span> <span class='ocrx_word' id='word_1_42' title='bbox 2868 1829 3064 1944; x_wconf 54' lang='lat' dir='ltr'><strong>ffiss-he</strong></span> 
     </span>
     <span class='ocr_line' id='line_1_8' title="bbox 736 1956 3146 2044; baseline -0.001 -21"><span class='ocrx_word' id='word_1_43' title='bbox 736 1956 1053 2037; x_wconf 75' lang='lat' dir='ltr'>habeatis,</span> <span class='ocrx_word' id='word_1_44' title='bbox 1118 1958 1483 2044; x_wconf 79' lang='lat' dir='ltr'>praesertim</span> <span class='ocrx_word' id='word_1_45' title='bbox 1544 1957 1863 2024; x_wconf 74' lang='lat' dir='ltr'>adversus</span> <span class='ocrx_word' id='word_1_46' title='bbox 1928 1956 2121 2022; x_wconf 87' lang='lat' dir='ltr'>illum</span> <span class='ocrx_word' id='word_1_47' title='bbox 2185 1957 2502 2044; x_wconf 86' lang='lat' dir='ltr'>spurium,</span> <span class='ocrx_word' id='word_1_48' title='bbox 2565 1956 2844 2022; x_wconf 82' lang='lat' dir='ltr'>fornica·</span> <span class='ocrx_word' id='word_1_49' title='bbox 2869 1962 3063 2037; x_wconf 62' lang='lat' dir='ltr'>deapon</span> <span class='ocrx_word' id='word_1_50' title='bbox 3087 1959 3146 2010; x_wconf 84' lang='lat' dir='ltr'>of</span> 
     </span>
     <span class='ocr_line' id='line_1_9' title="bbox 738 2028 3146 2145; baseline -0 -23"><span class='ocrx_word' id='word_1_51' title='bbox 738 2057 931 2138; x_wconf 88' lang='lat' dir='ltr'>rium,</span> <span class='ocrx_word' id='word_1_52' title='bbox 980 2063 1049 2125; x_wconf 86' lang='lat' dir='ltr'>et</span> <span class='ocrx_word' id='word_1_53' title='bbox 1094 2059 1550 2128; x_wconf 68' lang='lat' dir='ltr'>ecclesiastieae</span> <span class='ocrx_word' id='word_1_54' title='bbox 1578 2059 1757 2145; x_wconf 77' lang='lat' dir='ltr'>pacis</span> <span class='ocrx_word' id='word_1_55' title='bbox 1802 2059 2165 2139; x_wconf 79' lang='lat' dir='ltr'>inimicum,</span> <span class='ocrx_word' id='word_1_56' title='bbox 2207 2058 2568 2126; x_wconf 74' lang='lat' dir='ltr'>sacerdotis</span> <span class='ocrx_word' id='word_1_57' title='bbox 2609 2057 2842 2136; x_wconf 88' lang='lat' dir='ltr'>filium,</span> <span class='ocrx_word' id='word_1_58' title='bbox 2868 2028 3146 2092; x_wconf 63' lang='lat' dir='ltr'>3³¹¹⁸b¹¹¹5‘</span> 
     </span>
     <span class='ocr_line' id='line_1_10' title="bbox 740 2159 2843 2249; baseline -0 -23"><span class='ocrx_word' id='word_1_59' title='bbox 740 2161 1183 2247; x_wconf 66' lang='lat' dir='ltr'>Regina-ldum</span> <span class='ocrx_word' id='word_1_60' title='bbox 1202 2159 1229 2200; x_wconf 76' lang='lat'>²</span> <span class='ocrx_word' id='word_1_61' title='bbox 1273 2163 1355 2228; x_wconf 90' lang='lat' dir='ltr'>de</span> <span class='ocrx_word' id='word_1_62' title='bbox 1402 2161 1797 2240; x_wconf 77' lang='lat' dir='ltr'>Saresberia,</span> <span class='ocrx_word' id='word_1_63' title='bbox 1845 2163 1962 2247; x_wconf 88' lang='lat' dir='ltr'>qui</span> <span class='ocrx_word' id='word_1_64' title='bbox 2016 2183 2366 2249; x_wconf 84' lang='lat' dir='ltr'>personam</span> <span class='ocrx_word' id='word_1_65' title='bbox 2407 2165 2723 2238; x_wconf 74' lang='lat' dir='ltr'>nostram,</span> <span class='ocrx_word' id='word_1_66' title='bbox 2769 2161 2843 2226; x_wconf 92' lang='lat' dir='ltr'>in</span> 
     </span>
    </p>
   </div>
   <div class='ocr_carea' id='block_1_6' title="bbox 738 2263 2842 2350">
    <p class='ocr_par' dir='ltr' id='par_1_6' title="bbox 738 2263 2842 2350">
     <span class='ocr_line' id='line_1_11' title="bbox 738 2263 2842 2350; baseline 0 -22"><span class='ocrx_word' id='word_1_67' title='bbox 738 2269 1063 2348; x_wconf 78' lang='lat' dir='ltr'>quantum</span> <span class='ocrx_word' id='word_1_68' title='bbox 1131 2268 1372 2350; x_wconf 83' lang='lat' dir='ltr'>potest,</span> <span class='ocrx_word' id='word_1_69' title='bbox 1416 2263 1722 2329; x_wconf 74' lang='lat' dir='ltr'>diffamat</span> <span class='ocrx_word' id='word_1_70' title='bbox 1782 2263 2032 2348; x_wconf 84' lang='lat' dir='ltr'>ubique</span> <span class='ocrx_word' id='word_1_71' title='bbox 2099 2269 2172 2330; x_wconf 89' lang='lat' dir='ltr'>et</span> <span class='ocrx_word' id='word_1_72' title='bbox 2231 2264 2564 2350; x_wconf 82' lang='lat' dir='ltr'>deturpat,</span> <span class='ocrx_word' id='word_1_73' title='bbox 2619 2264 2842 2329; x_wconf 81' lang='lat' dir='ltr'>dicens</span> 
     </span>
    </p>
   </div>
   <div class='ocr_carea' id='block_1_7' title="bbox 614 2365 2842 2555">
    <p class='ocr_par' dir='ltr' id='par_1_7' title="bbox 614 2365 2842 2555">
     <span class='ocr_line' id='line_1_12' title="bbox 614 2365 2842 2452; baseline 0.001 -22"><span class='ocrx_word' id='word_1_74' title='bbox 614 2435 625 2442; x_wconf 62' lang='grc'><strong><em>,</em></strong></span> <span class='ocrx_word' id='word_1_75' title='bbox 737 2387 858 2432; x_wconf 90' lang='lat' dir='ltr'>nos</span> <span class='ocrx_word' id='word_1_76' title='bbox 926 2365 1329 2452; x_wconf 71' lang='lat' dir='ltr'><strong>proditorem</strong></span> <span class='ocrx_word' id='word_1_77' title='bbox 1396 2387 1552 2444; x_wconf 82' lang='lat' dir='ltr'>esse,</span> <span class='ocrx_word' id='word_1_78' title='bbox 1628 2371 1697 2432; x_wconf 87' lang='lat' dir='ltr'>et</span> <span class='ocrx_word' id='word_1_79' title='bbox 1762 2365 1892 2431; x_wconf 86' lang='lat' dir='ltr'>sibi</span> <span class='ocrx_word' id='word_1_80' title='bbox 1967 2365 2167 2432; x_wconf 84' lang='lat' dir='ltr'>fidem</span> <span class='ocrx_word' id='word_1_81' title='bbox 2242 2371 2537 2432; x_wconf 82' lang='lat' dir='ltr'>nostram</span> <span class='ocrx_word' id='word_1_82' title='bbox 2584 2365 2842 2432; x_wconf 79' lang='lat' dir='ltr'>dedisse</span> 
     </span>
     <span class='ocr_line' id='line_1_13' title="bbox 638 2467 2842 2555; baseline 0.001 -23"><span class='ocrx_word' id='word_1_83' title='bbox 638 2546 643 2550; x_wconf 72' lang='lat'>.</span> <span class='ocrx_word' id='word_1_84' title='bbox 737 2468 914 2552; x_wconf 88' lang='lat' dir='ltr'>quod</span> <span class='ocrx_word' id='word_1_85' title='bbox 976 2473 1234 2555; x_wconf 77' lang='lat' dir='ltr'>patrem</span> <span class='ocrx_word' id='word_1_86' title='bbox 1297 2468 1439 2553; x_wconf 87' lang='lat' dir='ltr'>ejus</span> <span class='ocrx_word' id='word_1_87' title='bbox 1507 2488 1644 2533; x_wconf 91' lang='lat' dir='ltr'>non</span> <span class='ocrx_word' id='word_1_88' title='bbox 1706 2467 2094 2534; x_wconf 72' lang='lat' dir='ltr'>laederemus</span> <span class='ocrx_word' id='word_1_89' title='bbox 2161 2467 2234 2532; x_wconf 87' lang='lat' dir='ltr'>in</span> <span class='ocrx_word' id='word_1_90' title='bbox 2297 2467 2535 2554; x_wconf 77' lang='lat' dir='ltr'>aliquo.</span> <span class='ocrx_word' id='word_1_91' title='bbox 2648 2469 2842 2549; x_wconf 84' lang='lat' dir='ltr'>Quod</span> 
     </span>
    </p>
   </div>
   <div class='ocr_carea' id='block_1_8' title="bbox 731 2569 2944 4407">
    <p class='ocr_par' dir='ltr' id='par_1_8' title="bbox 731 2569 2944 4407">
     <span class='ocr_line' id='line_1_14' title="bbox 738 2569 2844 2658; baseline 0.001 -24"><span class='ocrx_word' id='word_1_92' title='bbox 738 2571 970 2656; x_wconf 80' lang='lat' dir='ltr'>utique</span> <span class='ocrx_word' id='word_1_93' title='bbox 1036 2571 1166 2658; x_wconf 83' lang='lat' dir='ltr'>ipsi</span> <span class='ocrx_word' id='word_1_94' title='bbox 1228 2591 1365 2637; x_wconf 91' lang='lat' dir='ltr'>non</span> <span class='ocrx_word' id='word_1_95' title='bbox 1426 2571 1580 2656; x_wconf 84' lang='lat' dir='ltr'>plus</span> <span class='ocrx_word' id='word_1_96' title='bbox 1639 2591 1840 2656; x_wconf 80' lang='lat' dir='ltr'><strong>quam</strong></span> <span class='ocrx_word' id='word_1_97' title='bbox 1903 2571 2052 2636; x_wconf 83' lang='lat' dir='ltr'>cani</span> <span class='ocrx_word' id='word_1_98' title='bbox 2073 2569 2100 2610; x_wconf 80' lang='lat'><strong>³</strong></span> <span class='ocrx_word' id='word_1_99' title='bbox 2173 2570 2550 2637; x_wconf 73' lang='lat' dir='ltr'>faceremus.</span> <span class='ocrx_word' id='word_1_100' title='bbox 2657 2571 2844 2636; x_wconf 85' lang='lat' dir='ltr'>Dicit</span> 
     </span>
     <span class='ocr_line' id='line_1_15' title="bbox 736 2672 2844 2759; baseline 0 -21"><span class='ocrx_word' id='word_1_101' title='bbox 736 2672 959 2754; x_wconf 79' lang='lat' dir='ltr'>etiam,</span> <span class='ocrx_word' id='word_1_102' title='bbox 1024 2672 1221 2759; x_wconf 84' lang='lat' dir='ltr'>quod,</span> <span class='ocrx_word' id='word_1_103' title='bbox 1268 2674 1324 2738; x_wconf 84' lang='lat' dir='ltr'>si</span> <span class='ocrx_word' id='word_1_104' title='bbox 1394 2672 1701 2740; x_wconf 85' lang='lat' dir='ltr'>dominus</span> <span class='ocrx_word' id='word_1_105' title='bbox 1766 2693 1942 2758; x_wconf 81' lang='lat' dir='ltr'>papa</span> <span class='ocrx_word' id='word_1_106' title='bbox 2009 2672 2368 2750; x_wconf 66' lang='lat' dir='ltr'>desederet,</span> <span class='ocrx_word' id='word_1_107' title='bbox 2415 2672 2659 2739; x_wconf 78' lang='lat' dir='ltr'>faceret</span> <span class='ocrx_word' id='word_1_108' title='bbox 2721 2694 2844 2738; x_wconf 86' lang='lat' dir='ltr'>nos</span> 
     </span>
     <span class='ocr_line' id='line_1_16' title="bbox 736 2771 2846 2860; baseline 0 -21"><span class='ocrx_word' id='word_1_109' title='bbox 736 2774 941 2840; x_wconf 87' lang='lat' dir='ltr'>deleri</span> <span class='ocrx_word' id='word_1_110' title='bbox 1005 2774 1087 2840; x_wconf 91' lang='lat' dir='ltr'>de</span> <span class='ocrx_word' id='word_1_111' title='bbox 1154 2774 1325 2841; x_wconf 86' lang='lat' dir='ltr'>libro</span> <span class='ocrx_word' id='word_1_112' title='bbox 1388 2775 1570 2852; x_wconf 80' lang='lat' dir='ltr'>vitae,</span> <span class='ocrx_word' id='word_1_113' title='bbox 1610 2774 1932 2860; x_wconf 74' lang='lat' dir='ltr'>jactitans</span> <span class='ocrx_word' id='word_1_114' title='bbox 1975 2773 2248 2840; x_wconf 80' lang='lat' dir='ltr'>Curiam</span> <span class='ocrx_word' id='word_1_115' title='bbox 2315 2771 2682 2840; x_wconf 78' lang='lat' dir='ltr'><strong>Romanam</strong></span> <span class='ocrx_word' id='word_1_116' title='bbox 2747 2774 2846 2840; x_wconf 79' lang='lat' dir='ltr'>ite.</span> 
     </span>
     <span class='ocr_line' id='line_1_17' title="bbox 738 2876 2848 2963; baseline -0.001 -20"><span class='ocrx_word' id='word_1_117' title='bbox 738 2876 1043 2945; x_wconf 75' lang='lat' dir='ltr'>venalem</span> <span class='ocrx_word' id='word_1_118' title='bbox 1088 2899 1246 2955; x_wconf 81' lang='lat' dir='ltr'>esse,</span> <span class='ocrx_word' id='word_1_119' title='bbox 1292 2882 1374 2943; x_wconf 87' lang='lat' dir='ltr'>ut</span> <span class='ocrx_word' id='word_1_120' title='bbox 1417 2877 2021 2944; x_wconf 84' lang='lat' dir='ltr'>intervenientibus</span> <span class='ocrx_word' id='word_1_121' title='bbox 2067 2877 2453 2943; x_wconf 81' lang='lat' dir='ltr'>muneribus</span> <span class='ocrx_word' id='word_1_122' title='bbox 2483 2876 2802 2963; x_wconf 83' lang='lat' dir='ltr'>quicquid</span> <span class='ocrx_word' id='word_1_123' title='bbox 2819 2877 2848 2916; x_wconf 78' lang='lat'>⁴¹</span> 
     </span>
     <span class='ocr_line' id='line_1_18' title="bbox 740 2978 2848 3067; baseline -0 -24"><span class='ocrx_word' id='word_1_124' title='bbox 740 2979 907 3047; x_wconf 85' lang='lat' dir='ltr'>velit</span> <span class='ocrx_word' id='word_1_125' title='bbox 952 2980 1161 3067; x_wconf 85' lang='lat' dir='ltr'>possit</span> <span class='ocrx_word' id='word_1_126' title='bbox 1204 2980 1575 3066; x_wconf 79' lang='lat' dir='ltr'>impetrare.</span> <span class='ocrx_word' id='word_1_127' title='bbox 1666 2980 2015 3067; x_wconf 82' lang='lat' dir='ltr'>Suggessit</span> <span class='ocrx_word' id='word_1_128' title='bbox 2058 2978 2261 3045; x_wconf 72' lang='lat' dir='ltr'>etiam</span> <span class='ocrx_word' id='word_1_129' title='bbox 2309 2979 2447 3065; x_wconf 86' lang='lat' dir='ltr'>regi</span> <span class='ocrx_word' id='word_1_130' title='bbox 2477 2979 2848 3065; x_wconf 85' lang='lat' dir='ltr'>Anglorum</span> 
     </span>
     <span class='ocr_line' id='line_1_19' title="bbox 738 3079 2846 3167; baseline -0.002 -20"><span class='ocrx_word' id='word_1_131' title='bbox 738 3082 1121 3167; x_wconf 87' lang='lat' dir='ltr'>hujusmodi</span> <span class='ocrx_word' id='word_1_132' title='bbox 1198 3081 1553 3167; x_wconf 85' lang='lat' dir='ltr'>petitiones</span> <span class='ocrx_word' id='word_1_133' title='bbox 1630 3080 1840 3147; x_wconf 68' lang='lat' dir='ltr'>faeere</span> <span class='ocrx_word' id='word_1_134' title='bbox 1909 3079 2178 3147; x_wconf 88' lang='lat' dir='ltr'>domino</span> <span class='ocrx_word' id='word_1_135' title='bbox 2247 3101 2456 3167; x_wconf 82' lang='lat' dir='ltr'>papae,</span> <span class='ocrx_word' id='word_1_136' title='bbox 2503 3084 2582 3143; x_wconf 89' lang='lat' dir='ltr'>ut</span> <span class='ocrx_word' id='word_1_137' title='bbox 2645 3080 2846 3145; x_wconf 79' lang='lat' dir='ltr'>alicui</span> 
     </span>
     <span class='ocr_line' id='line_1_20' title="bbox 738 3182 2846 3273; baseline -0.001 -24"><span class='ocrx_word' id='word_1_138' title='bbox 738 3184 1040 3270; x_wconf 82' lang='lat' dir='ltr'>episeopo</span> <span class='ocrx_word' id='word_1_139' title='bbox 1128 3184 1199 3247; x_wconf 91' lang='lat' dir='ltr'>in</span> <span class='ocrx_word' id='word_1_140' title='bbox 1274 3183 1523 3273; x_wconf 67' lang='lat' dir='ltr'>Angli»,</span> <span class='ocrx_word' id='word_1_141' title='bbox 1594 3182 2044 3249; x_wconf 77' lang='lat' dir='ltr'>committeret</span> <span class='ocrx_word' id='word_1_142' title='bbox 2125 3184 2589 3249; x_wconf 76' lang='lat' dir='ltr'>auctoritatem</span> <span class='ocrx_word' id='word_1_143' title='bbox 2665 3203 2846 3247; x_wconf 79' lang='lat' dir='ltr'>coro-</span> 
     </span>
     <span class='ocr_line' id='line_1_21' title="bbox 737 3284 2848 3371; baseline 0 -22"><span class='ocrx_word' id='word_1_144' title='bbox 737 3286 945 3351; x_wconf 77' lang='lat' dir='ltr'>nandi</span> <span class='ocrx_word' id='word_1_145' title='bbox 1010 3284 1227 3351; x_wconf 85' lang='lat' dir='ltr'>filium</span> <span class='ocrx_word' id='word_1_146' title='bbox 1272 3285 1482 3370; x_wconf 83' lang='lat' dir='ltr'>ipsius</span> <span class='ocrx_word' id='word_1_147' title='bbox 1526 3285 1700 3371; x_wconf 81' lang='lat' dir='ltr'>regis</span> <span class='ocrx_word' id='word_1_148' title='bbox 1758 3290 1832 3349; x_wconf 87' lang='lat' dir='ltr'>et</span> <span class='ocrx_word' id='word_1_149' title='bbox 1883 3284 2304 3351; x_wconf 76' lang='lat' dir='ltr'>consecrandi</span> <span class='ocrx_word' id='word_1_150' title='bbox 2367 3284 2722 3371; x_wconf 83' lang='lat' dir='ltr'>episcopos,</span> <span class='ocrx_word' id='word_1_151' title='bbox 2768 3290 2848 3350; x_wconf 85' lang='lat' dir='ltr'>ut</span> 
     </span>
     <span class='ocr_line' id='line_1_22' title="bbox 737 3385 2846 3473; baseline 0.001 -23"><span class='ocrx_word' id='word_1_152' title='bbox 737 3388 845 3452; x_wconf 85' lang='lat' dir='ltr'>vel</span> <span class='ocrx_word' id='word_1_153' title='bbox 888 3387 984 3452; x_wconf 84' lang='lat' dir='ltr'>sie</span> <span class='ocrx_word' id='word_1_154' title='bbox 1046 3386 1391 3453; x_wconf 88' lang='lat' dir='ltr'>dominum</span> <span class='ocrx_word' id='word_1_155' title='bbox 1438 3408 1679 3473; x_wconf 82' lang='lat' dir='ltr'>papam</span> <span class='ocrx_word' id='word_1_156' title='bbox 1745 3385 2096 3473; x_wconf 75' lang='lat' dir='ltr'>deciperet.</span> <span class='ocrx_word' id='word_1_157' title='bbox 2191 3386 2317 3452; x_wconf 83' lang='lat' dir='ltr'>Oui</span> <span class='ocrx_word' id='word_1_158' title='bbox 2377 3406 2530 3453; x_wconf 81' lang='lat' dir='ltr'>cum</span> <span class='ocrx_word' id='word_1_159' title='bbox 2575 3408 2846 3473; x_wconf 89' lang='lat' dir='ltr'>respon-</span> 
     </span>
     <span class='ocr_line' id='line_1_23' title="bbox 740 3487 2847 3578; baseline 0.001 -25"><span class='ocrx_word' id='word_1_160' title='bbox 740 3487 946 3553; x_wconf 85' lang='lat' dir='ltr'>disset</span> <span class='ocrx_word' id='word_1_161' title='bbox 991 3510 1111 3555; x_wconf 86' lang='lat' dir='ltr'>rex</span> <span class='ocrx_word' id='word_1_162' title='bbox 1166 3511 1253 3567; x_wconf 84' lang='lat' dir='ltr'>se,</span> <span class='ocrx_word' id='word_1_163' title='bbox 1312 3493 1393 3553; x_wconf 88' lang='lat' dir='ltr'>ut</span> <span class='ocrx_word' id='word_1_164' title='bbox 1455 3488 1781 3569; x_wconf 80' lang='lat' dir='ltr'>credebat,</span> <span class='ocrx_word' id='word_1_165' title='bbox 1843 3510 1886 3553; x_wconf 81' lang='lat' dir='ltr'>a.</span> <span class='ocrx_word' id='word_1_166' title='bbox 1931 3488 2197 3553; x_wconf 90' lang='lat' dir='ltr'>domino</span> <span class='ocrx_word' id='word_1_167' title='bbox 2257 3510 2430 3578; x_wconf 63' lang='lat' dir='ltr'>papo.</span> <span class='ocrx_word' id='word_1_168' title='bbox 2493 3490 2847 3575; x_wconf 70' lang='lat' dir='ltr'>petitiones</span> 
     </span>
     <span class='ocr_line' id='line_1_24' title="bbox 732 3590 2851 3678; baseline 0 -23"><span class='ocrx_word' id='word_1_169' title='bbox 732 3591 881 3657; x_wconf 79' lang='lat' dir='ltr'>illas</span> <span class='ocrx_word' id='word_1_170' title='bbox 911 3612 1046 3657; x_wconf 88' lang='lat' dir='ltr'>non</span> <span class='ocrx_word' id='word_1_171' title='bbox 1076 3612 1265 3678; x_wconf 82' lang='lat' dir='ltr'>posse</span> <span class='ocrx_word' id='word_1_172' title='bbox 1292 3592 1663 3678; x_wconf 79' lang='lat' dir='ltr'>impetrare,</span> <span class='ocrx_word' id='word_1_173' title='bbox 1695 3590 2039 3678; x_wconf 72' lang='lat' dir='ltr'>respondit</span> <span class='ocrx_word' id='word_1_174' title='bbox 2071 3590 2514 3677; x_wconf 82' lang='lat' dir='ltr'>Reginaldus:</span> <span class='ocrx_word' id='word_1_175' title='bbox 2560 3600 2593 3627; x_wconf 90' lang='lat'><em>“</em></span> <span class='ocrx_word' id='word_1_176' title='bbox 2617 3592 2851 3657; x_wconf 87' lang='lat' dir='ltr'>Domi-</span> 
     </span>
     <span class='ocr_line' id='line_1_25' title="bbox 738 3693 2845 3782; baseline 0 -23"><span class='ocrx_word' id='word_1_177' title='bbox 738 3705 773 3731; x_wconf 91' lang='lat'><em>“</em></span> <span class='ocrx_word' id='word_1_178' title='bbox 816 3717 945 3760; x_wconf 88' lang='lat' dir='ltr'>nus</span> <span class='ocrx_word' id='word_1_179' title='bbox 992 3716 1168 3782; x_wconf 77' lang='lat' dir='ltr'>papa</span> <span class='ocrx_word' id='word_1_180' title='bbox 1232 3699 1310 3760; x_wconf 83' lang='lat' dir='ltr'>ut</span> <span class='ocrx_word' id='word_1_181' title='bbox 1372 3694 1653 3759; x_wconf 83' lang='lat' dir='ltr'>stolidus</span> <span class='ocrx_word' id='word_1_182' title='bbox 1699 3699 1768 3759; x_wconf 86' lang='lat' dir='ltr'>et</span> <span class='ocrx_word' id='word_1_183' title='bbox 1813 3694 2039 3759; x_wconf 80' lang='lat' dir='ltr'>fatuus</span> <span class='ocrx_word' id='word_1_184' title='bbox 2093 3698 2264 3781; x_wconf 75' lang='lat' dir='ltr'>aget,</span> <span class='ocrx_word' id='word_1_185' title='bbox 2309 3694 2365 3758; x_wconf 82' lang='lat' dir='ltr'>si</span> <span class='ocrx_word' id='word_1_186' title='bbox 2411 3693 2845 3780; x_wconf 72' lang='lat' dir='ltr'>petitionibus</span> 
     </span>
     <span class='ocr_line' id='line_1_26' title="bbox 736 3793 2845 3884; baseline -0.001 -21"><span class='ocrx_word' id='word_1_187' title='bbox 736 3807 771 3833; x_wconf 90' lang='lat'><strong>“</strong></span> <span class='ocrx_word' id='word_1_188' title='bbox 816 3798 951 3863; x_wconf 88' lang='lat' dir='ltr'>tuis</span> <span class='ocrx_word' id='word_1_189' title='bbox 996 3820 1133 3864; x_wconf 91' lang='lat' dir='ltr'>non</span> <span class='ocrx_word' id='word_1_190' title='bbox 1151 3793 1177 3833; x_wconf 80' lang='lat'><strong>⁶</strong></span> <span class='ocrx_word' id='word_1_191' title='bbox 1222 3796 1669 3865; x_wconf 53' lang='lat' dir='ltr'>satisfecerit?</span> <span class='ocrx_word' id='word_1_192' title='bbox 1758 3796 2093 3884; x_wconf 78' lang='lat' dir='ltr'>Rogamus</span> <span class='ocrx_word' id='word_1_193' title='bbox 2139 3796 2380 3863; x_wconf 82' lang='lat' dir='ltr'>ideirco</span> <span class='ocrx_word' id='word_1_194' title='bbox 2427 3795 2845 3862; x_wconf 84' lang='lat' dir='ltr'>dilectionem</span> 
     </span>
     <span class='ocr_line' id='line_1_27' title="bbox 734 3898 2944 3987; baseline 0.001 -22"><span class='ocrx_word' id='word_1_195' title='bbox 734 3906 1043 3979; x_wconf 62' lang='lat' dir='ltr'>vesm,</span> <span class='ocrx_word' id='word_1_196' title='bbox 1088 3900 1171 3966; x_wconf 93' lang='lat' dir='ltr'>de</span> <span class='ocrx_word' id='word_1_197' title='bbox 1217 3921 1350 3987; x_wconf 80' lang='lat' dir='ltr'>qua</span> <span class='ocrx_word' id='word_1_198' title='bbox 1393 3900 1535 3965; x_wconf 89' lang='lat' dir='ltr'>sine</span> <span class='ocrx_word' id='word_1_199' title='bbox 1581 3899 1785 3965; x_wconf 91' lang='lat' dir='ltr'>dubio</span> <span class='ocrx_word' id='word_1_200' title='bbox 1831 3900 2237 3977; x_wconf 85' lang='lat' dir='ltr'>confidimus,</span> <span class='ocrx_word' id='word_1_201' title='bbox 2285 3904 2362 3964; x_wconf 88' lang='lat' dir='ltr'>ut</span> <span class='ocrx_word' id='word_1_202' title='bbox 2415 3920 2565 3965; x_wconf 83' lang='lat' dir='ltr'>cum</span> <span class='ocrx_word' id='word_1_203' title='bbox 2613 3898 2848 3987; x_wconf 87' lang='lat' dir='ltr'>Hugo-</span> <span class='ocrx_word' id='word_1_204' title='bbox 2938 3959 2944 3967; x_wconf 91' lang='lat'><em>.</em></span> 
     </span>
     <span class='ocr_line' id='line_1_28' title="bbox 732 4000 2843 4088; baseline -0.002 -19"><span class='ocrx_word' id='word_1_205' title='bbox 732 4004 915 4069; x_wconf 83' lang='lat' dir='ltr'>tione</span> <span class='ocrx_word' id='word_1_206' title='bbox 958 4002 1278 4080; x_wconf 76' lang='lat' dir='ltr'>Romano,</span> <span class='ocrx_word' id='word_1_207' title='bbox 1341 4003 1552 4069; x_wconf 80' lang='lat' dir='ltr'>amico</span> <span class='ocrx_word' id='word_1_208' title='bbox 1612 4007 1857 4079; x_wconf 86' lang='lat' dir='ltr'>nostro,</span> <span class='ocrx_word' id='word_1_209' title='bbox 1925 4001 2042 4088; x_wconf 90' lang='lat' dir='ltr'>qui</span> <span class='ocrx_word' id='word_1_210' title='bbox 2111 4000 2192 4066; x_wconf 90' lang='lat' dir='ltr'>de</span> <span class='ocrx_word' id='word_1_211' title='bbox 2242 4000 2521 4067; x_wconf 80' lang='lat' dir='ltr'>Francia.</span> <span class='ocrx_word' id='word_1_212' title='bbox 2565 4001 2843 4067; x_wconf 82' lang='lat' dir='ltr'>Romam</span> 
     </span>
     <span class='ocr_line' id='line_1_29' title="bbox 732 4102 2846 4192; baseline -0.001 -21"><span class='ocrx_word' id='word_1_213' title='bbox 732 4106 1067 4192; x_wconf 80' lang='lat' dir='ltr'>profectus</span> <span class='ocrx_word' id='word_1_214' title='bbox 1114 4111 1232 4182; x_wconf 88' lang='lat' dir='ltr'>est,</span> <span class='ocrx_word' id='word_1_215' title='bbox 1278 4110 1350 4170; x_wconf 85' lang='lat' dir='ltr'>et</span> <span class='ocrx_word' id='word_1_216' title='bbox 1414 4104 1670 4171; x_wconf 73' lang='lat' dir='ltr'>caeteris</span> <span class='ocrx_word' id='word_1_217' title='bbox 1739 4104 1971 4170; x_wconf 82' lang='lat' dir='ltr'>amicis</span> <span class='ocrx_word' id='word_1_218' title='bbox 2015 4102 2264 4170; x_wconf 87' lang='lat' dir='ltr'>nostris</span> <span class='ocrx_word' id='word_1_219' title='bbox 2308 4110 2378 4169; x_wconf 87' lang='lat' dir='ltr'>et</span> <span class='ocrx_word' id='word_1_220' title='bbox 2423 4103 2682 4182; x_wconf 81' lang='lat' dir='ltr'>vestris,</span> <span class='ocrx_word' id='word_1_221' title='bbox 2726 4125 2846 4189; x_wconf 89' lang='lat' dir='ltr'>pro</span> 
     </span>
     <span class='ocr_line' id='line_1_30' title="bbox 732 4206 2844 4295; baseline -0.001 -21"><span class='ocrx_word' id='word_1_222' title='bbox 732 4209 941 4288; x_wconf 88' lang='lat' dir='ltr'>nobis,</span> <span class='ocrx_word' id='word_1_223' title='bbox 985 4210 1105 4275; x_wconf 83' lang='lat' dir='ltr'>sed</span> <span class='ocrx_word' id='word_1_224' title='bbox 1148 4214 1219 4275; x_wconf 87' lang='lat' dir='ltr'>et</span> <span class='ocrx_word' id='word_1_225' title='bbox 1236 4208 1263 4247; x_wconf 70' lang='grc' dir='ltr'>θ</span> <span class='ocrx_word' id='word_1_226' title='bbox 1322 4230 1441 4295; x_wconf 90' lang='lat' dir='ltr'>pro</span> <span class='ocrx_word' id='word_1_227' title='bbox 1494 4208 1769 4295; x_wconf 70' lang='lat' dir='ltr'>justitia</span> <span class='ocrx_word' id='word_1_228' title='bbox 1831 4212 1902 4275; x_wconf 87' lang='lat' dir='ltr'>et</span> <span class='ocrx_word' id='word_1_229' title='bbox 1963 4208 2270 4275; x_wconf 75' lang='lat' dir='ltr'>libertate</span> <span class='ocrx_word' id='word_1_230' title='bbox 2333 4206 2637 4287; x_wconf 82' lang='lat' dir='ltr'>eoelesiae,</span> <span class='ocrx_word' id='word_1_231' title='bbox 2687 4207 2844 4271; x_wconf 88' lang='lat' dir='ltr'>viri-</span> 
     </span>
     <span class='ocr_line' id='line_1_31' title="bbox 731 4309 2845 4407; baseline -0 -31"><span class='ocrx_word' id='word_1_232' title='bbox 731 4310 886 4407; x_wconf 78' lang='lat' dir='ltr'>liter</span> <span class='ocrx_word' id='word_1_233' title='bbox 930 4312 1138 4391; x_wconf 77' lang='lat' dir='ltr'>stetiS,</span> <span class='ocrx_word' id='word_1_234' title='bbox 1183 4316 1255 4377; x_wconf 87' lang='lat' dir='ltr'>et</span> <span class='ocrx_word' id='word_1_235' title='bbox 1296 4311 1385 4377; x_wconf 77' lang='lat' dir='ltr'>ad</span> <span class='ocrx_word' id='word_1_236' title='bbox 1428 4310 1555 4379; x_wconf 85' lang='lat' dir='ltr'>hoc</span> <span class='ocrx_word' id='word_1_237' title='bbox 1618 4310 1976 4398; x_wconf 71' lang='lat' dir='ltr'>vigilanter</span> <span class='ocrx_word' id='word_1_238' title='bbox 2021 4316 2166 4379; x_wconf 79' lang='lat' dir='ltr'>tota.</span> <span class='ocrx_word' id='word_1_239' title='bbox 2225 4310 2600 4377; x_wconf 85' lang='lat' dir='ltr'>intentione</span> <span class='ocrx_word' id='word_1_240' title='bbox 2663 4309 2845 4376; x_wconf 78' lang='lat' dir='ltr'>labo-</span> 
     </span>
    </p>
   </div>
   <div class='ocr_carea' id='block_1_9' title="bbox 757 4538 2794 4855">
    <p class='ocr_par' dir='ltr' id='par_1_9' title="bbox 800 4538 2183 4609">
     <span class='ocr_line' id='line_1_32' title="bbox 800 4538 2183 4609; baseline -0.002 -17"><span class='ocrx_word' id='word_1_241' title='bbox 800 4540 819 4573; x_wconf 85' lang='lat'>¹</span> <span class='ocrx_word' id='word_1_242' title='bbox 854 4541 1047 4592; x_wconf 70' lang='lat' dir='ltr'>nuntiis</span> <span class='ocrx_word' id='word_1_243' title='bbox 1068 4540 1191 4603; x_wconf 70' lang='lat' dir='ltr'>suis,</span> <span class='ocrx_word' id='word_1_244' title='bbox 1216 4542 1450 4609; x_wconf 69' lang='lat' dir='ltr'>naqistro</span> <span class='ocrx_word' id='word_1_245' title='bbox 1476 4540 1543 4591; x_wconf 79' lang='lat' dir='ltr'>A.</span> <span class='ocrx_word' id='word_1_246' title='bbox 1569 4546 1619 4590; x_wconf 79' lang='lat' dir='ltr'>et</span> <span class='ocrx_word' id='word_1_247' title='bbox 1643 4540 1736 4604; x_wconf 71' lang='lat' dir='ltr'>B„</span> <span class='ocrx_word' id='word_1_248' title='bbox 1905 4539 1927 4573; x_wconf 87' lang='lat'><strong>⁴</strong></span> <span class='ocrx_word' id='word_1_249' title='bbox 1961 4538 2101 4605; x_wconf 75' lang='lat' dir='ltr'>quid,</span> <span class='ocrx_word' id='word_1_250' title='bbox 2123 4540 2183 4590; x_wconf 85' lang='lat' dir='ltr'>L.</span> 
     </span>
    </p>

    <p class='ocr_par' dir='ltr' id='par_1_10' title="bbox 794 4618 2794 4766">
     <span class='ocr_line' id='line_1_33' title="bbox 794 4618 2794 4679; baseline 0 -8"><span class='ocrx_word' id='word_1_251' title='bbox 794 4656 807 4671; x_wconf 92' lang='lat'><strong>.</strong></span> <span class='ocrx_word' id='word_1_252' title='bbox 1903 4618 2794 4679; x_wconf 70' lang='lat' dir='ltr'>⁵nm,om.V;nisiforsi..</span> 
     </span>
     <span class='ocr_line' id='line_1_34' title="bbox 798 4696 2045 4766; baseline -0.003 -15"><span class='ocrx_word' id='word_1_253' title='bbox 798 4698 821 4733; x_wconf 79' lang='lat'>²</span> <span class='ocrx_word' id='word_1_254' title='bbox 852 4700 919 4751; x_wconf 80' lang='lat' dir='ltr'>al.</span> <span class='ocrx_word' id='word_1_255' title='bbox 943 4698 1307 4764; x_wconf 75' lang='lat' dir='ltr'>Rayinaldum,</span> <span class='ocrx_word' id='word_1_256' title='bbox 1331 4698 1688 4766; x_wconf 73' lang='lat' dir='ltr'>Rayinoldum.</span> <span class='ocrx_word' id='word_1_257' title='bbox 1837 4714 1953 4760; x_wconf 72' lang='lat' dir='ltr'>nou,</span> <span class='ocrx_word' id='word_1_258' title='bbox 1979 4696 2045 4748; x_wconf 75' lang='grc' dir='ltr'>Ι..</span> 
     </span>
    </p>

    <p class='ocr_par' dir='ltr' id='par_1_11' title="bbox 757 4778 2244 4855">
     <span class='ocr_line' id='line_1_35' title="bbox 757 4778 2244 4855; baseline -0.001 -24"><span class='ocrx_word' id='word_1_259' title='bbox 757 4842 771 4855; x_wconf 62' lang='lat'><em>„</em></span> <span class='ocrx_word' id='word_1_260' title='bbox 801 4779 823 4814; x_wconf 81' lang='lat'>⁸</span> <span class='ocrx_word' id='word_1_261' title='bbox 858 4780 1020 4844; x_wconf 73' lang='lat' dir='ltr'>carni,</span> <span class='ocrx_word' id='word_1_262' title='bbox 1042 4780 1113 4832; x_wconf 84' lang='lat' dir='ltr'>V.</span> <span class='ocrx_word' id='word_1_263' title='bbox 1905 4778 1926 4811; x_wconf 83' lang='lat'>⁶</span> <span class='ocrx_word' id='word_1_264' title='bbox 1961 4782 2028 4841; x_wconf 77' lang='lat' dir='ltr'>ee,</span> <span class='ocrx_word' id='word_1_265' title='bbox 2049 4794 2149 4830; x_wconf 86' lang='lat' dir='ltr'>om.</span> <span class='ocrx_word' id='word_1_266' title='bbox 2171 4778 2244 4829; x_wconf 81' lang='lat' dir='ltr'>A.</span> 
     </span>
    </p>
   </div>
   <div class='ocr_carea' id='block_1_10' title="bbox 734 4621 789 4671">
    <p class='ocr_par' dir='ltr' id='par_1_12' title="bbox 734 4621 789 4671">
     <span class='ocr_line' id='line_1_36' title="bbox 734 4621 789 4671; baseline 0 0"><span class='ocrx_word' id='word_1_267' title='bbox 734 4621 789 4671; x_wconf 79' lang='lat' dir='ltr'>A</span> 
     </span>
    </p>
   </div>
  </div>
 </body>
</html>
