3634 5800
662 904 792 955 Λα).
830 887 1053 975 1170.]
1534 908 1896 959 smsronAE.
2645 900 2774 961 385

660 1094 835 1180 quod
879 1097 977 1162 ita
1023 1096 1383 1163 satisfaciet
1426 1094 1635 1173 nobiS,
1680 1102 1758 1161 ut
1802 1096 1991 1163 nulla
2029 1097 2228 1181 justae
2279 1100 2766 1185 conquestionis

660 1199 1077 1285 relinquatur
1151 1199 1419 1267 occasio,
1540 1198 1875 1265 Caeterum
1952 1200 2494 1285 promissionibus
2570 1203 2770 1269 fidem

661 1301 939 1367 demunt
968 1307 1038 1368 et
1067 1301 1211 1367 noti
1234 1301 1259 1349 1
1291 1322 1501 1367 mores
1530 1301 1820 1367 hominis
1851 1308 1921 1367 et
1951 1301 2164 1388 operis
2185 1300 2211 1341 ⁸
2239 1303 2581 1381 exhibitio,
2614 1306 2774 1391 quia

660 1404 832 1469 nihil
875 1403 1093 1471 adhuc
1156 1404 1242 1469 ab
1290 1426 1367 1468 eo
1430 1408 1674 1489 praeter
1719 1404 1924 1469 verba
1988 1404 2326 1489 potuimus
2389 1406 2766 1491 impetrare.

664 1504 854 1586 Quod
900 1510 979 1569 ut
1024 1504 1213 1570 vobis
1259 1504 1632 1569 evidentius
1678 1508 1950 1580 constet,
1998 1504 2275 1571 latorem
2322 1508 2768 1591 praesentium,

662 1609 732 1669 et
776 1604 1033 1671 litteras
1086 1628 1251 1691 quas
1296 1628 1339 1672 a
1403 1606 1940 1692 procuratoribus
2016 1608 2133 1692 qui
2199 1608 2476 1694 negotia
2537 1614 2765 1675 nostra

660 1707 733 1771 in
762 1707 1010 1794 Anglia
1050 1708 1361 1795 expedire
1392 1708 1775 1787 debuerant,
1806 1709 1894 1775 ad
1925 1709 2300 1777 sanctitatis
2332 1716 2572 1777 vestrae
2602 1732 2767 1797 prae-

658 1810 941 1874 sentiam
963 1810 1339 1877 curavimus
1362 1810 1695 1876 destinare
1720 1808 1763 1891 3³
1806 1810 2094 1888 interim,
2118 1816 2444 1897 quantum
2477 1813 2548 1877 in
2579 1814 2770 1879 nobis

660 1916 777 1989 est,
807 1912 1019 1978 modis
1050 1913 1356 1979 omnibus
1401 1917 1709 1979 caventes
1757 1912 2123 1979 rescindere
2169 1914 2350 1999 pacis
2396 1914 2584 1980 initae
2615 1936 2768 1981 con-

615 2050 635 2061 -
661 2016 1057 2093 ventionem,
1089 2015 1247 2082 licet
1290 2015 1761 2083 conscientiam
1807 2022 2106 2083 nostram
2149 2015 2537 2095 remordeat,
2588 2018 2766 2103 quod

660 2118 903 2184 damna
948 2116 1281 2205 irrogata‘*
1340 2118 1629 2185 ecelesiae
1697 2117 1844 2196 Dei,
1891 2123 1960 2185 et
2007 2117 2260 2185 Christi
2322 2120 2725 2205 pauperibus
2741 2122 2768 2159 ⁵

658 2241 777 2305 pro
816 2219 1086 2306 justitia
1128 2219 1255 2286 Dei
1300 2220 1761 2286 exsulantibus
1807 2225 1878 2285 et
1921 2221 2326 2307 proscriptis,
2374 2222 2763 2288 sacerdotali

657 2342 793 2386 non
868 2322 1277 2407 exquirimus
1352 2322 1763 2389 auctoritate.
1889 2322 2222 2387 Timemus
2299 2323 2476 2387 enim
2565 2344 2768 2409 supra

658 2426 923 2491 modum
972 2426 1258 2513 exempli
1306 2426 1657 2512 perniciem
1704 2426 2070 2504 coaetaneis,
2102 2426 2230 2490 nisi
2277 2426 2510 2489 divina
2553 2426 2766 2512 pietas

657 2528 1017 2603 medeatur,
1084 2534 1153 2593 et
1215 2528 1497 2614 posteris
1562 2528 1868 2593 nocituri.
1989 2526 2124 2593 Sed
2192 2528 2351 2613 quia
2414 2527 2608 2592 nobis
2671 2529 2766 2593 sic

654 2627 1031 2694 faciendum
1077 2650 1214 2695 esse
1282 2630 1649 2715 majestatis
1717 2634 1956 2694 vestrae
2001 2634 2071 2695 et
2131 2629 2546 2694 dominorum
2613 2650 2763 2694 nos-

656 2737 927 2809 trorum,
972 2734 1087 2817 qui
1132 2732 1305 2799 circa
1349 2754 1469 2797 vos
1514 2737 1688 2808 sunt,
1721 2731 2078 2818 prudentia
2119 2731 2393 2809 censuit,
2425 2752 2544 2817 pro
2591 2732 2764 2797 bono

657 2835 837 2921 pacis
882 2834 1184 2899 siluimus
1230 2840 1301 2901 et
1352 2835 1639 2912 silemus,
1684 2833 1858 2899 nihil
1905 2834 2119 2899 divini
2157 2834 2328 2921 juris
2377 2834 2598 2922 (quod,
2647 2836 2756 2902 In-

655 2943 947 3024 spect'ore
992 2938 1291 3005 cordium
1350 2943 1540 3015 teste,
1585 2939 1658 3002 in
1719 2938 1994 3004 auribus
2039 2939 2278 3004 vestris
2341 2946 2412 3005 et
2479 2938 2764 3006 ecclesiae

654 3043 963 3124 dicimus)
1038 3041 1615 3128 impoenitentibus
1700 3041 2118 3106 remittentes
2191 3045 2314 3107 aut
2409 3041 2764 3108 remissuri.

656 3143 915 3210 Scimus
980 3148 1204 3210 autem
1273 3143 1450 3229 quod
1516 3145 1587 3208 in
1661 3136 1965 3209 Extremo
2039 3143 2345 3209 examine
2422 3144 2762 3210 districtus

654 3245 699 3310 J
704 3247 879 3311 udex
925 3266 1061 3310 non
1108 3245 1481 3331 praeteribit
1536 3244 1935 3329 irrequisita,
1978 3245 2063 3310 ad
2111 3266 2308 3330 quem
2373 3244 2762 3330 lacnymabi-

654 3347 806 3412 liter
882 3347 1179 3432 quotidie
1254 3346 1500 3413 clamat
1573 3367 1886 3414 concussa
1960 3353 2029 3412 et
2113 3346 2402 3412 lacerata
2446 3347 2716 3414 ecclesia
2748 3372 2762 3412 :

655 3459 687 3484 “
710 3450 995 3515 Domine
1056 3451 1193 3514 vim
1263 3449 1499 3535 patior,
1565 3449 1888 3535 responde
1949 3470 2070 3536 pro
2132 3449 2290 3514 me.”
2383 3449 2550 3515 Cum
2619 3451 2764 3535 ipsa

658 3559 727 3618 et
772 3573 892 3638 pro
936 3553 1085 3638 ipsa
1126 3551 1487 3618 clamamus
1532 3557 1603 3616 et
1646 3572 1783 3629 nos,
1821 3552 2026 3637 juxta
2071 3552 2414 3618 consilium
2461 3557 2531 3617 et
2574 3574 2758 3618 man-

652 3656 883 3720 datum
929 3660 1249 3732 vestrum,
1278 3653 1752 3740 amplectentes
1783 3654 2050 3718 interim
2085 3655 2263 3740 pacis
2297 3654 2402 3719 vel
2423 3653 2450 3692 ⁶
2496 3656 2760 3720 umbra-

650 3756 789 3822 tilis
835 3757 1255 3834 occasionem,
1299 3755 1507 3821 donec
1566 3755 1861 3840 adspiret
1928 3754 2067 3821 dies
2091 3754 2116 3796 ⁷
2137 3746 2230 3820 'et
2296 3761 2759 3822 evanescentes

652 3860 1055 3926 inclinentur
1099 3858 1367 3923 umbrae.
1460 3856 1894 3942 Captabimus
1938 3862 2165 3924 autem
2217 3860 2500 3944 gratiam
2547 3858 2758 3923 homi-

648 3961 753 4025 nis
818 3966 1442 4046 quantumcumque,
1510 3959 1695 4024 salva
1756 3959 2066 4024 libertate
2131 3965 2200 4024 et
2263 3959 2608 4025 honestate
2655 3981 2757 4026 ec-

648 4063 877 4139 clasiae,
908 4062 1290 4147 poterimus,
1322 4067 1392 4126 et
1436 4060 1816 4126 testimonio
1847 4059 2264 4126 conscientiae
2282 4058 2308 4098 ⁸
2346 4066 2594 4126 nostrae
2640 4083 2755 4126 ex-

648 4165 1091 4252 perimentum
1122 4165 1381 4242 facturi,
1412 4185 1498 4229 an
1529 4163 1643 4229 vel
1672 4165 1763 4230 sie
1794 4163 2020 4230 valeat
2063 4164 2148 4230 ad
2179 4165 2752 4230 mansuetudinem

650 4267 963 4333 revocari.
1052 4265 1243 4332 Misit
1304 4267 1495 4331 nobis
1563 4265 1916 4332 clementia
1979 4272 2204 4333 vestra
2267 4267 2544 4345 litteras,
2589 4288 2754 4354 quas

716 4487 731 4520 ¹
770 4487 891 4546 noti,
914 4485 985 4544 A,
1009 4483 1075 4543 O,
1098 4485 1171 4546 23
1204 4500 1323 4542 non,
1346 4485 1426 4545 νς
1462 4499 1562 4534 om.
1590 4483 1657 4543 L,
1812 4486 1836 4518 ⁵
1871 4493 1933 4549 et,
1957 4485 2054 4536 ins.
2079 4487 2138 4537 11·

712 4566 735 4598 2
768 4581 889 4627 mm,
918 4563 1014 4614 ins.
1050 4563 1130 4624 L;
1177 4579 1279 4613 om.
1314 4564 1383 4624 A,
1416 4564 1500 4624 V3
1534 4567 1657 4628 noti,
1810 4568 1833 4600 ⁸
1869 4568 1962 4628 vel,
1987 4569 2057 4628 A,
2081 4569 2145 4633 O,
2168 4569 2239 4631 Z;
2275 4585 2379 4620 om.
2413 4570 2496 4633 ις
2531 4571 2612 4620 vel
2633 4571 2750 4622 bra-

647 4645 711 4696 Ο.
1741 4646 1871 4708 tilis,
1897 4648 1966 4697 V.

713 4722 735 4754 ³
769 4723 1033 4782 destinari,
1058 4721 1118 4771 L.
1805 4724 1828 4763 ’ἵ
1865 4725 2023 4786 Deus,
2049 4726 2118 4776 V.

709 4803 731 4834 ⁴
764 4803 1011 4866 irroqata,
1037 4802 1119 4860 Α;
1156 4815 1255 4850 om.
1284 4802 1343 4860 Ζ,
1364 4801 1426 4851 L.
1800 4805 1828 4843 β
1863 4806 2203 4868 experientioe,
2227 4805 2292 4857 L.

813 4919 845 4954 ο
872 4906 1049 4952 12478.
2361 4903 2406 4952 Β
2437 4905 2479 4952 Β
