3634 5800
784 834 914 897 182
1660 851 2016 900 EPISTOLAE.
2500 835 2662 918 [Ap.
2699 836 2889 901 1169.

779 1036 954 1110 retis,
1004 1041 1082 1100 ut
1125 1036 1238 1101 illc
1286 1041 1692 1103 commentor
1735 1036 2009 1112 fraudis,
2044 1035 2459 1101 machinator
2503 1033 2657 1110 doli,
2704 1034 2896 1099 fictor

780 1136 1108 1212 falsitatis,
1171 1160 1293 1204 sua
1367 1139 1723 1224 pravitatis
1789 1138 2099 1223 opinione
2160 1137 2543 1214 frustratus,
2602 1136 2897 1222 undique

781 1238 1244 1317 confundatur,
1293 1245 1361 1306 et
1407 1241 1505 1306 ita
1549 1241 1692 1326 ejus
1739 1240 2060 1326 iniquitas
2105 1261 2222 1325 per
2267 1261 2386 1306 vos
2430 1240 2783 1327 detegatur
2826 1244 2897 1304 et

779 1339 852 1403 in
897 1361 1050 1404 eum
1095 1341 1436 1418 redundet,
1485 1346 1565 1406 ut
1609 1341 1831 1407 doleat
1867 1363 1935 1405 se
1980 1342 2067 1406 ad
2098 1340 2369 1407 Curiam
2414 1341 2695 1415 venisse,
2742 1346 2813 1406 et
2854 1361 2899 1405 a

781 1463 917 1507 suae
963 1443 1340 1527 iniquitatis
1407 1449 1577 1508 teste
1641 1465 1839 1530 quem
1908 1443 2171 1508 assidue
2239 1445 2415 1530 gerit
2482 1444 2553 1508 in
2616 1449 2896 1531 pectore,

782 1543 1018 1608 merito
1065 1545 1358 1631 torqueri
1405 1544 1847 1631 dignoscatur.
1940 1543 2006 1607 N
2010 1565 2135 1620 am,
2180 1545 2354 1610 sicut
2384 1545 2550 1609 bene
2596 1544 2896 1619 novistis,

783 1643 839 1707 si
885 1643 1192 1708 dominus
1240 1666 1414 1732 papa
1458 1644 1897 1732 petitionibus
1942 1645 2113 1732 regis
2160 1644 2232 1709 in
2277 1645 2403 1710 hac
2446 1649 2651 1731 parte,
2688 1644 2894 1730 (quod

783 1743 964 1808 Deus
1009 1745 1320 1831 avertat,)
1367 1745 1594 1830 aliquo
1659 1746 1855 1810 modo
1918 1745 2351 1830 adquieverit,
2418 1747 2586 1812 sciat
2632 1744 2897 1810 indubi-

783 1850 1007 1911 tanter
1081 1847 1547 1914 auctoritatem
1623 1847 1913 1914 ecclesiae
1987 1847 2305 1914 Romanae
2376 1849 2447 1912 in
2515 1847 2763 1934 Anglia
2824 1847 2896 1911 in

783 1956 1181 2034 perpetuum
1243 1951 1624 2035 perituram,
1702 1950 1803 2016 ita
1878 1954 1960 2013 ut
2034 1949 2454 2016 auctoritatis
2518 1949 2896 2036 apostolicae

783 2050 1024 2136 aliquis
1091 2051 1189 2116 ibi
1258 2053 1662 2118 mentionem
1739 2052 1955 2118 facere
2030 2073 2167 2118 non
2240 2053 2501 2118 audeat.
2620 2051 2694 2118 Si
2740 2073 2897 2117 vero

785 2154 1094 2219 dominus
1141 2176 1334 2241 papa,
1379 2161 1581 2240 prout
1625 2154 1754 2219 sibi
1801 2154 2192 2241 expedierit,
2237 2155 2509 2219 nuntios
2556 2154 2699 2240 ejus
2744 2175 2897 2220 con-

784 2254 1040 2320 futatos
1070 2261 1140 2321 et
1167 2257 1504 2342 proposito
1533 2277 1654 2321 suo
1684 2256 2040 2322 frustratos
2085 2255 2431 2332 dimiserit,
2462 2257 2630 2322 sciat
2675 2277 2793 2322 nos
2824 2255 2897 2320 in

783 2357 1104 2444 proximo,
1150 2380 1269 2445 per
1313 2358 1827 2424 misericordiam
1856 2358 2005 2436 Dei,
2049 2379 2279 2444 pacem
2324 2359 2689 2424 habituros„
2766 2357 2895 2422 His

785 2462 962 2526 enim
1010 2461 1268 2526 duobus
1312 2461 1626 2538 articuliS,
1700 2461 2015 2527 videlicet
2060 2462 2467 2528 coronationi
2515 2462 2637 2526 filii
2682 2461 2786 2526 sui
2830 2465 2901 2526 et

786 2563 1394 2629 consecrationibus
1449 2565 1921 2650 episcoporum,
1990 2563 2247 2630 insistit
2311 2584 2431 2628 rex
2494 2563 2901 2650 Anglorum3

787 2668 857 2728 et
901 2663 1098 2728 valde
1165 2663 1538 2730 arctabitur
1603 2664 1690 2728 ad
1755 2684 1986 2749 pacem
2051 2670 2346 2729 nostram
2407 2664 2794 2741 faciendam,
2840 2664 2898 2728 si

785 2766 1228 2832 constantiam
1274 2765 1524 2832 domini
1590 2787 1782 2852 papae
1853 2766 2116 2833 viderit.
2208 2767 2397 2832 Inter
2457 2771 2697 2832 caetera
2740 2788 2897 2832 vero

783 2869 1074 2937 caveatis
1102 2891 1186 2935 ne
1231 2891 1380 2937 cum
1426 2869 1907 2955 praenominato
1952 2870 2334 2957 Hugotione
2378 2869 2452 2935 in
2474 2870 2500 2909 ¹
2546 2868 2899 2957 praesentia

783 2971 1220 3036 cardinalium
1265 2971 1408 3035 sive
1471 2970 1748 3037 aliorum
1819 2970 2044 3055 aliqua
2108 2972 2308 3037 verba
2370 2993 2568 3057 super
2629 2971 2897 3059 negotio

785 3079 1012 3139 nostro
1087 3074 1408 3151 habeati5‚
1477 3073 1593 3138 sed
1667 3094 1819 3139 cum
1886 3074 2457 3160 opportunitatem
2527 3075 2897 3141 habueritis

785 3176 1099 3243 secretius
1145 3198 1294 3243 cum
1341 3176 1486 3263 ipso
1533 3176 1614 3241 de
1661 3176 2085 3242 exsecutione
2130 3178 2384 3264 negotii
2432 3178 2751 3256 tractetis»,
2797 3180 2897 3245 ita

787 3279 1056 3365 quidem
1120 3284 1200 3344 ut
1262 3300 1397 3344 non
1465 3278 1673 3364 possit
1742 3278 2150 3365 deprehendi
2214 3300 2334 3345 vos
2402 3279 2695 3366 aliquam
2742 3303 2893 3348 cum

787 3382 931 3469 ipso
975 3381 1496 3448 familiaritatem
1541 3380 1798 3447 habere.

1725 3804 2043 3871 DCXIII.

877 3954 1173 4028 Tuom
1219 3960 1782 4027 CAN-mmmmm
1826 3973 2417 4025 Aacmnmsoorus
2462 3958 2834 4025 Srnrnmo

1509 4064 1879 4129 MELDENSI
1926 4079 2266 4129 EPISCOPO.

995 4217 1096 4280 (A.
1120 4219 1254 4277 3363
1294 4215 1358 4267 o.
1383 4212 1438 4265 ii.
1463 4216 1596 4276 2873
1633 4214 1689 4265 z,
1715 4214 1787 4265 iii.
1813 4218 1912 4274 973
1948 4214 2081 4278 Lup.
2108 4212 2177 4265 iii.
2204 4216 2303 4273 οη
2338 4213 2522 4263 Thom.
2555 4212 2693 4274 139.)

879 4335 1259 4410 Venerabili
1277 4341 1304 4381 ⁹
1349 4340 1616 4409 domino
1647 4347 1718 4408 et
1761 4342 1939 4429 patri
1983 4342 2317 4409 carissimo
2364 4341 2723 4429 Stephano,
2768 4338 2896 4406 Dei

785 4449 1004 4535 gratia
1049 4446 1370 4514 Meldensi
1439 4446 1760 4532 episeopo,
1805 4446 2109 4525 Thomas,
2155 4445 2281 4512 Dei
2340 4445 2560 4532 gratia
2604 4444 2895 4511 Cantua-

1252 4676 1268 4709 ¹
1305 4681 1352 4726 εί
1376 4676 1484 4738 (for
1508 4674 1605 4739 in),
1627 4674 1689 4727 Ο.

1250 4756 1272 4789 '²
1321 4752 1609 4806 Venerabili
1641 4789 1655 4806 .
1693 4790 1705 4804 .
1744 4789 1754 4803 .
1785 4752 1943 4817 exsul,
1967 4754 2036 4815 A,
2063 4754 2108 4806 Ο
2127 4774 2141 4815 3
2177 4769 2277 4805 om.
2304 4752 2360 4816 Z,
2382 4752 2436 4807 L
