3634 5800
620 882 752 935 ΑΔ).
791 865 1014 953 1170.]
1493 880 1850 932 amsi-oms.
2599 864 2730 927 413

629 1070 940 1149 adhaeret,
986 1070 1060 1135 in
1126 1070 1362 1136 timore
1426 1068 1639 1135 multo
1691 1074 1760 1134 et
1811 1068 1963 1155 jugi
2010 1065 2470 1131 sollicitudine.
2564 1063 2737 1127 Lon-

627 1193 787 1257 gum
856 1172 1001 1249 erit,
1070 1177 1141 1237 et
1204 1192 1436 1237 vereor
1498 1192 1584 1236 ne
1649 1170 1928 1236 taedium
1990 1172 2280 1255 generet,
2345 1166 2401 1231 si
2467 1168 2739 1231 cunctas

628 1274 969 1359 angustias
1035 1285 1295 1339 nostras
1358 1282 1615 1359 coepero
1633 1270 1657 1310 ¹
1716 1272 2076 1357 replicare3
2143 1269 2259 1334 sed
2303 1289 2454 1354 quae
2498 1266 2742 1331 desunt

631 1376 947 1460 epistolae,
1012 1375 1501 1462 supplebuntur
1568 1372 1778 1439 officio
1845 1371 2200 1459 portitoris,
2323 1369 2433 1449 Sit
2497 1368 2742 1452 itaque,

632 1476 689 1542 si
734 1476 969 1563 placet,
1012 1477 1462 1544 miserationis
1506 1481 1749 1542 vestrae
1794 1474 2148 1541 sollicitare
2218 1476 2520 1538 sanctum
2567 1468 2740 1556 prio-

631 1601 791 1657 rem,
838 1584 907 1643 et
950 1579 1193 1645 amicos
1241 1578 1492 1645 Christi
1514 1576 1538 1615 ²
1569 1580 1650 1643 de
1697 1578 1926 1643 Monte
1971 1577 2114 1653 Dei,
2161 1580 2230 1640 et
2274 1573 2464 1639 Valle
2513 1570 2742 1637 Sancti

632 1680 831 1757 Petri,
863 1684 933 1745 et
959 1680 1233 1745 abbates
1265 1679 1656 1745 Sanctorum
1702 1679 1955 1744 Nicasii
1975 1676 2001 1716 ³
2029 1682 2099 1742 et
2144 1674 2452 1761 Crispini,
2483 1678 2554 1739 et
2581 1672 2744 1737 alios

634 1786 895 1847 sanctos
923 1781 1283 1847 familiares
1328 1787 1600 1859 vestrOS,
1648 1786 1978 1867 quatenus
2023 1778 2212 1845 nobis
2257 1777 2435 1863 apud
2481 1774 2745 1839 Altissi-

635 1906 820 1948 mum
852 1884 1312 1971 suffragentur,
1361 1890 1437 1949 ut
1502 1906 1727 1949 eorum
1792 1883 2049 1948 meritis
2095 1880 2451 1946 salubriter
2509 1878 2745 1943 libere-

637 2008 785 2049 mur
852 1986 967 2071 qui
1030 1985 1483 2072 periclitamur
1547 2009 1631 2052 ex
1696 1985 1956 2051 nostriS.
2073 1983 2458 2051 Carissimos
2523 1984 2746 2045 autem
2771 1989 3012 2039 Remem-

636 2088 873 2152 fratres
950 2093 1213 2153 nostros
1282 2093 1351 2153 et
1415 2089 1717 2153 dominos
1807 2088 1922 2173 qui
1992 2085 2368 2151 beatissimo
2443 2080 2746 2167 Remigio
2772 2057 2962 2171 Εξζζῖο
2984 2056 3045 2105 of

630 2188 933 2277 jugiter-⁴
974 2189 1405 2269 famulantur,
1475 2191 1591 2253 vix
1662 2191 1803 2255 sine
1869 2189 2123 2275 gemitu
2170 2193 2239 2253 et
2283 2185 2582 2271 suspiriis
2627 2188 2748 2249 aut
2773 2188 2962 2241 Reims.

635 2293 900 2357 madore
947 2292 1388 2377 lacrymarum
1434 2314 1699 2377 possum
1746 2292 1834 2357 ad
1880 2292 2176 2356 animum
2226 2308 2574 2365 revocare3
2643 2306 2744 2349 re-

639 2393 856 2460 colens
901 2416 1006 2459 me
1052 2394 1381 2479 quoddam
1404 2393 1429 2431 ⁶
1474 2394 1686 2458 instar
1732 2391 2020 2479 paradisi
2075 2390 2354 2456 feliciter
2382 2389 2750 2464 incoluisse,

640 2496 800 2559 dum
847 2494 1108 2560 illorum
1153 2495 1509 2581 praesentia
1574 2492 1864 2571 fruebar,
1908 2499 1977 2559 et
2022 2492 2320 2559 caritatis
2367 2490 2752 2577 experiebar

644 2596 999 2681 imaginem
1046 2617 1194 2681 quae
1240 2595 1311 2658 in
1374 2601 1627 2660 aeterna
1684 2594 1832 2659 vita
1875 2600 2191 2679 speratur.
2286 2591 2462 2667 Illos,
2509 2612 2746 2677 quaese,

640 2697 1025 2783 diligentius
1071 2696 1417 2761 sollicitate
1464 2701 1544 2760 ut
1588 2696 2002 2761 alumnorum
2033 2715 2300 2760 suorum
2332 2692 2754 2757 meminerint

640 2798 712 2863 in
759 2798 1164 2863 orationibus
1210 2797 1361 2863 suiS.
1456 2798 1670 2877 Quam
1717 2800 1850 2863 cito
1895 2796 2076 2861 Deus
2105 2816 2416 2882 prospera
2460 2794 2750 2871 donabit,

645 2902 835 2967 vobis
909 2902 1315 2966 currentium
1378 2898 1752 2966 litterarum
1816 2899 2199 2976 minister-ic,
2264 2897 2530 2965 Christo
2603 2919 2755 2983 pro-

647 3002 948 3089 pitiante,
996 3003 1481 3068 communicare
1529 3023 1665 3067 non
1710 3001 2030 3067 differam.
2120 3000 2359 3065 Valeat
2402 3021 2656 3084 semper
2685 3004 2755 3065 et

650 3105 873 3190 vigeat
918 3103 1235 3168 sanctitas
1298 3107 1535 3182 vest-ra,
1606 3109 1675 3168 et
1736 3103 1944 3168 totius
2008 3101 2294 3167 ecclesiae
2354 3101 2753 3188 prosperitas

650 3205 724 3268 in
770 3204 956 3270 bonis
1004 3204 1309 3270 omnibus
1377 3203 1799 3289 provehatur,
1864 3209 1952 3280 et,
2019 3205 2076 3268 si
2121 3205 2355 3290 placet,
2399 3224 2753 3289 pauperem

646 3307 1049 3373 sacerdotem
1097 3305 1325 3372 Sancti
1372 3305 1627 3371 Cosmae
1687 3306 2216 3371 commendatum
2260 3306 2574 3372 habeatis.

720 3582 735 3614 ¹
770 3589 956 3646 repeto,
979 3580 1045 3631 L.
1823 3584 1846 3615 ⁴
1864 3584 2075 3647 juyieer,
2096 3599 2196 3634 om.
2221 3583 2290 3634 L.

718 3663 740 3695 ²
772 3663 993 3728 episcopi
1018 3662 1128 3724 (for
1155 3661 1404 3723 Christo,
1428 3662 1488 3711 L.
1823 3662 1844 3694 ⁵
1881 3661 2144 3724 quoddam,
2185 3662 2255 3724 V,
2290 3663 2360 3723 Z;
2409 3662 2670 3725 quondam,
2696 3662 2759 3724 Ο,

720 3741 742 3774 ³
776 3741 1003 3804 Niyasii,
1028 3742 1093 3804 O,
1116 3741 1185 3801 V,
1210 3741 1267 3790 Z.
1756 3741 1820 3804 L,
1847 3743 1910 3792 G.
