3634 5800
690 889 827 940 an.
861 871 1083 959 1170]
1249 958 1256 965 .
1562 891 1920 940 sms‘rom
2667 879 2794 946 361

681 1075 1067 1162 juramento
1112 1079 1470 1146 firmandas
1530 1080 1795 1166 iniquas
1817 1078 1844 1118 ²
1889 1080 2038 1146 illas
2083 1082 2592 1148 consuetudines
2645 1104 2796 1168 pro-

690 1181 997 1258 cessistiS,
1043 1183 1352 1267 nunquid
1413 1202 1549 1248 non
1612 1181 1927 1248 decuerat
1986 1203 2104 1247 vos
2170 1188 2323 1268 post
2385 1183 2565 1249 tanti
2627 1190 2793 1250 tem-

692 1281 877 1366 poris
952 1281 1247 1367 spatium
1320 1281 1788 1349 sacerdotalem
1857 1303 2186 1350 resumere
2253 1284 2654 1363 firmitatem,
2726 1291 2796 1352 et

690 1387 921 1448 contra
948 1387 1175 1450 tantas
1206 1383 1634 1448 enormitates
1669 1405 1822 1450 cum
1867 1385 2226 1470 praeteritae
2256 1387 2795 1473 transgressionis

691 1485 1108 1570 poenitudine
1131 1484 1159 1524 ²
1216 1485 1711 1552 sacerdotaliter
1767 1486 2172 1554 reclamare?
2280 1487 2613 1554 Caeterum
2659 1509 2795 1568 vos,

692 1584 1069 1652 detestabili
1114 1587 1292 1654 facto
1338 1588 1772 1674 pertinaciam
1814 1589 2272 1676 adjtmgentes,
2305 1594 2376 1655 et
2417 1590 2490 1659 in
2529 1591 2794 1657 illarum

690 1689 1205 1804 usurpationum
1274 1689 1697 1756 observantia
1762 1689 2185 1775 permanetiS,
2251 1695 2356 1756 et
2383 1692 2482 1758 ita
2551 1692 2624 1757 in
2683 1694 2792 1760 de-

691 1788 1093 1872 pressionem
1112 1787 1139 1828 ³
1183 1789 1473 1856 ecclesiae
1533 1789 1805 1877 praefati
1864 1790 2038 1876 regis
2081 1795 2319 1856 votum
2378 1793 2567 1878 sequi
2613 1792 2798 1858 vide-

692 1889 878 1968 mini,
940 1893 1023 1956 ut
1089 1892 1280 1976 quasi
1339 1891 1483 1976 jam
1550 1891 1940 1978 proscriptae
2009 1891 2090 1956 de
2153 1913 2355 1978 regno
2416 1898 2642 1960 vestro
2710 1915 2796 1959 ex

693 2013 936 2078 magna
980 1998 1171 2078 parte
1216 1993 1393 2081 leges
1422 1993 1451 2032 4
1515 1993 1968 2060 ecclesiasticae
2034 1993 2406 2060 videantur.
2529 1995 2618 2060 Et
2675 2017 2797 2061 nos

694 2095 961 2178 quidem
1024 2117 1233 2181 usque
1302 2095 1498 2161 modo
1562 2096 2090 2182 exspectavimus
2163 2100 2239 2162 ut
2306 2117 2418 2162 cor
2460 2097 2796 2184 principis,

692 2199 813 2259 aut
856 2217 975 2282 per
1018 2195 1304 2262 officium
1348 2202 1643 2261 vestrum
1691 2201 1814 2262 aut
1856 2217 1974 2282 per
2019 2195 2521 2282 inspirationem
2565 2199 2798 2278 suam,⁶

694 2296 945 2362 Divina
986 2299 1205 2384 gratia
1248 2298 1569 2376 visitaret,
1614 2303 1685 2363 et
1728 2319 2028 2382 supernae
2072 2297 2298 2384 gloriae
2343 2300 2553 2386 magis
2599 2319 2798 2384 quam

692 2419 829 2464 suae
890 2399 1136 2466 faceret
1194 2406 1571 2466 amatorem.
1710 2401 1889 2466 Nam
1958 2406 2026 2465 et
2056 2399 2083 2439 ⁶
2143 2400 2270 2467 hoc
2334 2401 2525 2466 nobis
2590 2401 2797 2488 pluri-

690 2501 1053 2587 mumque⁷
1096 2508 1484 2590 suggestum
1530 2501 1765 2580 fuerat,
1765 2502 1791 2541 ⁸
1825 2507 1894 2567 et
1939 2501 2230 2588 optabile
2275 2501 2630 2568 admodum
2631 2525 2796 2645 5'pro

694 2603 1017 2687 qualitate
1086 2604 1403 2690 temporis
1467 2603 1840 2682 videbatur,
1909 2609 1989 2669 ut
2062 2605 2383 2691 asperitas
2460 2604 2659 2690 ejus⁹
2723 2607 2796 2670 in

692 2705 1018 2790 patientia
1094 2705 1321 2792 potius
1391 2710 1459 2771 et
1532 2705 2038 2770 mansuetudine
2111 2705 2447 2771 leniretur.
2583 2705 2650 2770 N
2653 2707 2795 2773 obis

692 2811 914 2872 autem
961 2809 1448 2894 praeteritorum
1493 2807 1960 2872 correctionem
2024 2812 2093 2872 et
2152 2807 2617 2893 poenitentiam
2679 2830 2794 2874 ex-

691 2910 1159 2993 spectantibus,
1189 2908 1359 2975 nihil
1404 2909 1545 2995 ipse
1574 2908 1657 2974 de
1696 2908 1981 2995 pristina
1997 2907 2048 2949 ¹⁰
2090 2910 2445 2975 severitate
2487 2912 2796 2991 mutavit,
2863 2968 2870 2973 .

694 3008 808 3074 sed
861 3010 935 3073 in
994 3007 1656 3099 constitutionibus?
1716 3008 1851 3075 illis
1918 3009 2168 3096 iniquis
2193 3008 2240 3049 ¹²
2303 3010 2731 3078 immobiliter
2749 3011 2796 3052 ¹³

692 3117 1087 3197 perseverat.

780 3213 1049 3294 Quanto
1094 3216 1321 3279 autem
1340 3210 1393 3252 ¹⁴
1427 3212 1569 3298 jam
1602 3232 1761 3278 sane
1807 3217 2110 3299 tempore
2154 3212 2555 3279 venerabilis
2585 3214 2794 3283 frater

686 3321 913 3383 noster
982 3315 1275 3381 Thomas
1356 3313 1878 3390 Cantuariensis,
1950 3315 2481 3402 archiepiscopus
2556 3326 2791 3396 vester,

694 3420 854 3504 quia
896 3417 1446 3504 usurpationibus
1476 3416 1633 3494 illis,
1679 3416 1838 3483 licet
1907 3416 2093 3504 prius
2139 3418 2356 3483 carnis
2402 3418 2794 3489 infirmitate

690 3526 785 3591 eis
816 3526 999 3590 visus
1029 3524 1237 3591 fuerit
1282 3522 1729 3601 consentire‚¹⁵
1772 3523 1991 3589 voluit
2037 3524 2327 3604 obviare,
2356 3546 2400 3590 a
2443 3527 2790 3594 commissa

685 3627 816 3694 sibi
846 3625 1123 3693 ecclesia
1154 3647 1305 3693 cum
1338 3624 1591 3692 clericis
1622 3624 1762 3689 suis
1816 3628 1888 3690 et
1915 3623 2226 3691 affinibus
2247 3623 2301 3665 ¹⁶
2346 3627 2796 3708 exulaverit‚¹⁷

754 3930 773 3963 ¹
810 3930 882 3991 in,
903 3928 997 3979 ins.
1020 3927 1089 3989 V,
1114 3928 1180 3980 Ο.
1858 3925 1902 3983 ⁹.
1917 3926 2023 3989 qius
2048 3926 2288 3989 (without
2305 3929 2410 3991 in),
2433 3928 2477 3981 C
2491 3950 2504 3990 3
2538 3932 2593 3981 nin
2621 3932 2796 3997 (with-

753 4008 777 4042 2
801 4005 1135 4073 plenitudine,
1171 4005 1249 4067 V;
1292 4018 1421 4055 corr.
1455 4012 1510 4056 to
1538 4003 1691 4070 peni·
1793 4010 1885 4054 out
1911 4006 2068 4068 ejus),
2089 4005 2172 4066 L}
2209 4008 2314 4071 eius
2338 4010 2408 4069 in,
2430 4010 2500 4071 A,
2525 4010 2583 4062 z,

690 4087 879 4147 tudine,
902 4086 987 4147 A;
1016 4082 1327 4149 penitudine,
1349 4084 1407 4146 Z,
1428 4084 1489 4134 L.
1862 4081 1901 4114 ¹⁰
1927 4085 2214 4147 prater-ita,
2239 4086 2300 4137 C.

754 4180 778 4213 a
810 4176 1140 4243 αφεηῑοπσ,
1162 4176 1223 4228 0,
1863 4160 1902 4193 ¹¹
1937 4163 2398 4227 comacludinibm,
2418 4166 2480 4217 L.

1863 4239 1904 4273 ¹²
1935 4242 2142 4305 iniquis,
2190 4244 2263 4303 03
2322 4245 2563 4309 antiquis,
2596 4246 2667 4308 A,
2711 4250 2755 4301 L
2779 4270 2794 4312 ς

1793 4318 2002 4385 iniquia,
2023 4319 2146 4371 with
2169 4320 2248 4374 vel
2267 4323 2512 4389 antiquis,
2535 4326 2597 4380 Z.
2619 4330 2622 4333 ’

1861 4398 1904 4431 ¹³
1936 4398 2208 4461 ἰηυηοὸίίίε,
2231 4400 2290 4453 C.

1861 4475 1903 4510 ¹⁴
1933 4482 2114 4539 autem,
2135 4492 2236 4529 om.
2259 4478 2321 4533 O.

754 4270 775 4303 ⁴
807 4286 969 4334 reyes,
989 4267 1061 4318 V.

755 4362 777 4395 ⁸
813 4360 856 4413 C
880 4360 1063 4411 inserts
1082 4364 1131 4411 et
1147 4359 1561 4425 exspectationem
1582 4372 1693 4409 uos·

684 4446 814 4491 tram
836 4439 966 4491 aster
988 4454 1145 4489 suam.

754 4530 777 4563 ⁶
809 4547 892 4590 ex,
915 4528 979 4581 0.
1863 4555 1907 4588 ¹⁸
1940 4559 2195 4619 assentire,
2221 4558 2282 4611 C.

756 4620 778 4659 7
802 4619 1096 4684 plerumque
1120 4616 1384 4684 (omitting
1406 4616 1599 4681 nobis),
1615 4619 1693 4678 L;
1864 4632 1906 4666 ¹⁶
1925 4638 1974 4683 et
1989 4632 2242 4698 affinibus,
2257 4651 2357 4687 om.
2377 4636 2454 4699 c;
2479 4645 2528 4688 et
2542 4642 2796 4705 afinibus,

686 4699 849 4758 nobis,
871 4712 974 4747 om.
998 4698 1065 4748 A.
1794 4710 1866 4763 V.

755 4789 777 4821 ε
797 4788 1001 4852 suerat,
1024 4802 1125 4838 om.
1153 4787 1211 4839 C.
1865 4788 1908 4825 Π
1941 4788 2263 4854 exultaverit,
2277 4792 2340 4855 C,
2362 4794 2403 4845 Z
2417 4815 2433 4856 ς
2469 4794 2710 4860 exulavit,
2732 4800 2795 4850 L.
