3634 5800
681 883 813 933 Aa).
853 865 1074 948 1169]
1555 878 1913 927 EPISTOLAE.
2658 861 2783 922 185

1604 1217 1873 1286 DCXV.

803 1377 1076 1442 Taenia
1121 1375 1650 1442 Olim-namnum
1695 1391 2243 1442 Ancmssmscoro
2288 1374 2702 1441 Gmmnus

1127 1479 1453 1544 Romaim:
1501 1495 1841 1544 παῖδας
1886 1494 2387 1545 sunnuoonus.

1075 1633 1170 1693 (O.
1199 1635 1287 1680 191
1315 1653 1328 1692 ς
1365 1629 1421 1680 Ζ.
1447 1629 1518 1682 iii.
1543 1631 1636 1690 773
1673 1631 1807 1694 Lup.
1832 1629 1901 1680 iii.
1928 1631 2023 1690 7⁷3
2058 1631 2123 1682 G.
2148 1629 2257 1680 Fon.
2280 1633 2423 1692 391.)

778 1757 970 1838 Quod
999 1757 1084 1824 de
1129 1779 1278 1823 mea
1323 1757 1720 1834 sinceritate,
1786 1768 1987 1843 prout
2010 1757 2031 1796 ¹
2080 1781 2165 1822 ex
2212 1759 2455 1824 litteris
2500 1763 2569 1822 et
2620 1779 2791 1824 nun·
2820 1769 3077 1836 Assuring

682 1859 799 1924 tiis
844 1861 1082 1926 vestris
1149 1858 1470 1945 intelligo,
1531 1859 1985 1924 indubitatam
2056 1881 2237 1946 spem
2300 1859 2744 1946 fiduciamque
2768 1857 2793 1898 ²
2820 1837 3085 1966 ζξξὴᾛζξ

685 1963 946 2042 tenetiS,
1013 1967 1280 2048 gratum
1353 1959 1568 2026 habeo
1640 1961 1851 2026 modis
1924 1962 2229 2051 omnibus
2298 1968 2367 2028 et
2432 1967 2792 2048 acceptum,
2821 1971 3113 2020 assistance·

683 2069 1054 2150 vestraeque
1099 2063 1494 2152 paternitati
1541 2085 1626 2128 ex
1673 2063 1798 2130 hoc
1860 2064 2003 2150 ipso
2048 2065 2351 2129 devotior
2400 2087 2477 2130 ac
2538 2065 2795 2130 fidelior

687 2187 1050 2251 persevero
1145 2165 1232 2230 In
1293 2165 1630 2252 proposito
1693 2165 2021 2250 siquidem
2066 2189 2230 2232 meae
2274 2167 2362 2232 ad
2408 2189 2527 2232 vos
2596 2167 2793 2234 devo-

685 2266 890 2332 tionis
951 2288 1030 2332 ac
1094 2265 1266 2344 fidei,
1315 2269 1388 2332 et
1431 2287 1645 2332 causae
1692 2272 1933 2332 vostrae
2000 2266 2379 2334 defensione
2442 2270 2792 2346 constanti,

685 2367 926 2434 eaedem
974 2389 1122 2453 quae
1167 2367 1582 2432 induxerunt
1627 2388 1840 2434 causae
1886 2389 1991 2434 me
2017 2365 2043 2406 ³
2094 2369 2402 2446 retinent,
2449 2370 2649 2435 timor
2692 2373 2793 2435 vi-

685 2470 923 2535 delicet
969 2469 1114 2548 Dei,
1143 2490 1328 2534 amor
1373 2469 1654 2546 honesti,
1685 2469 1864 2534 zelus
1912 2476 1981 2535 et
2026 2469 2249 2535 fervor
2268 2470 2293 2508 4
2338 2471 2793 2539 ecclesiasticae

685 2572 1032 2639 libertatis,
1127 2572 1402 2638 Acce-dit
1467 2573 1552 2637 ad
1619 2572 1756 2636 haec
1826 2594 2118 2658 personae
2166 2581 2403 2638 vestrae
2452 2575 2665 2639 virtus
2726 2583 2793 2638 et

688 2674 922 2759 gratia,
996 2693 1144 2758 quae
1209 2695 1315 2738 me
1377 2673 1520 2757 jam
1585 2673 1652 2736 in
1724 2694 1800 2738 eo
1865 2674 2041 2758 quod
2118 2680 2273 2738 ante
2342 2676 2796 2760 probaveram,

691 2775 964 2840 stimulo
1010 2775 1295 2860 quodam
1343 2775 1809 2840 sollicitudinis
1855 2779 2049 2862 urget
2094 2776 2340 2841 arctius
2388 2782 2455 2841 et
2502 2778 2793 2864 instigat,

689 2877 1232 2944 concurrentibus
1253 2877 1278 2914 ⁵
1345 2877 1431 2942 ad
1497 2877 1671 2941 idem
1719 2885 1788 2942 et
1838 2879 2105 2943 virtutis
2170 2879 2393 2945 studio
2441 2886 2510 2945 et
2554 2881 2797 2947 amoris

687 3002 767 3047 ac
813 2981 1175 3067 diligentiae
1243 2978 1464 3044 filialis
1527 2978 1752 3046 officio.
1847 2979 2181 3046 Confidite
2250 2984 2459 3068 igitur
2505 2984 2586 3048 de
2650 3006 2755 3049 me
2774 2982 2801 3023 ⁶

689 3082 864 3149 sicut
909 3082 1146 3159 facitis,
1193 3086 1264 3147 et
1307 3086 1586 3167 sperate,
1632 3082 1791 3167 quia
1838 3103 1985 3167 spes
2032 3083 2163 3148 ista
2206 3104 2341 3160 vos,
2388 3084 2533 3151 Deo
2578 3088 2799 3172 propi-

691 3185 806 3261 tio,
872 3182 1058 3249 non⁷
1100 3183 1455 3251 frustrabit
1489 3208 1506 3263 ;
1553 3204 1674 3248 nec
1743 3205 1891 3248 mea
1936 3206 2229 3271 unquam
2296 3186 2459 3252 fides
2505 3195 2627 3253 aut
2694 3211 2797 3255 ca-

690 3286 854 3351 ritas
917 3288 990 3351 in
1036 3293 1258 3353 vestro
1303 3286 1552 3372 poterit
1595 3285 2016 3372 refrigescere
2082 3291 2348 3375 negotio
2404 3290 2511 3355 vel
2559 3298 2796 3377 tepere.

691 3388 864 3454 Puto
931 3394 1156 3455 autem
1221 3389 1398 3474 quod
1463 3394 1531 3454 et
1597 3410 1700 3453 res
1765 3391 1909 3473 ipsa
1976 3390 2171 3455 fidem
2240 3392 2438 3458 faciet
2482 3392 2587 3457 his
2650 3416 2799 3479 quae

690 3490 856 3567 dice,
903 3496 974 3557 et
1017 3490 1092 3555 in
1135 3488 1340 3576 hujus
1403 3490 1500 3555 rei
1563 3490 2023 3555 testimonium
2091 3514 2238 3557 cum
2285 3494 2513 3559 amicis
2564 3496 2799 3560 vestris

689 3592 946 3658 inimici
1011 3591 1430 3659 convenient.
1557 3590 1646 3656 Et
1713 3593 1985 3679 quidem
2054 3594 2125 3657 in
2194 3592 2333 3670 hoc,
2407 3597 2461 3660 si
2511 3598 2801 3662 venisset
2826 3607 2887 3658 P.
2918 3610 3029 3659 172.

689 3694 885 3760 homo
939 3699 1172 3761 contra
1215 3715 1412 3779 quem
1443 3694 1867 3759 devotionem
1912 3716 2125 3760 meam
2172 3695 2548 3763 sollicitudo
2582 3705 2803 3765 vestra

689 3796 1110 3884 praemonuit,
1154 3816 1290 3861 non
1337 3794 1744 3861 discordaret
1789 3818 1833 3861 a
1877 3796 2133 3863 caeteris
2181 3798 2473 3884 ejusdem
2522 3800 2799 3868 malitiae

692 3898 1115 3975 satellitibus,
1162 3904 1232 3963 et
1300 3896 1727 3984 praeambulis
1795 3898 2247 3967 anti-Christi.
2341 3902 2586 3968 Verum
2651 3926 2801 3971 cum

689 4000 803 4068 ille
847 4022 985 4066 non
1031 4002 1304 4076 venerit,
1339 4000 1410 4064 in
1456 4022 1533 4067 eo
1577 4000 1754 4087 quod
1801 4001 2133 4089 reliquum
2182 4010 2323 4071 erat
2376 4010 2443 4071 et
2490 4006 2802 4094 expedire

692 4104 928 4191 putavi
997 4124 1144 4169 mea
1189 4101 1568 4169 sollicitudo
1613 4123 1748 4168 non
1793 4105 2029 4190 tepuit,
2078 4111 2147 4170 et
2191 4108 2581 4193 quotidiana
2624 4111 2803 4197 apud

696 4206 1038 4271 dominum
1083 4225 1326 4292 papam
1395 4204 1724 4271 instantia
1767 4226 1905 4270 non
1951 4208 2227 4293 quievit,
2274 4208 2480 4276 donec
2527 4211 2801 4295 litteras,

695 4328 861 4395 quas
906 4328 1058 4375 curn
1121 4306 1246 4383 his,
1291 4306 1435 4373 Deo
1481 4306 1703 4386 dante,
1753 4308 2085 4387 videbitis,
2132 4332 2251 4397 per
2296 4312 2547 4378 domini
2612 4337 2803 4403 papae

1469 4462 1578 4469 -0—
1618 4464 1685 4469 ---
1720 4464 1739 4469 -
1772 4463 1828 4469 -.-
1850 4464 1858 4469 .
1884 4464 1910 4469 .-
2093 4464 2160 4471 --
2192 4466 2380 4475 -——-<—-

765 4541 780 4573 ¹
809 4547 986 4605 prout,
1012 4540 1074 4597 Ο,
1099 4538 1166 4599 Ζ;
1202 4538 1348 4594 sicut,
1373 4536 1434 4586 L.
1871 4536 1891 4567 ⁴
1913 4537 2093 4600 favor,
2120 4538 2184 4599 O,
2208 4540 2266 4589 Z.

761 4618 784 4651 ²
805 4615 1164 4683 fiduciamque,
1188 4615 1254 4675 O,
1283 4614 1356 4674 V,
1385 4614 1459 4675 Z;
1498 4620 1546 4663 et
1557 4613 1700 4677 fidu·
1870 4614 1891 4645 ⁵
1928 4616 2369 4679 constitu-entibus,
2394 4620 2466 4670 V.

698 4700 844 4757 ciam,
867 4696 927 4745 L.
1872 4692 1891 4723 ⁶
1927 4710 2010 4753 me,
2034 4710 2135 4745 om.
2162 4696 2227 4757 0,
2251 4699 2331 4757 V3
2366 4697 2427 4747 de
2451 4717 2538 4761 me,
2562 4716 2661 4755 om.
2689 4704 2746 4757 Z.

763 4775 784 4807 ³
820 4792 934 4837 mee,
961 4779 1026 4825 Ο.
1872 4772 1893 4809 7
1928 4790 2041 4834 non,
2064 4774 2129 4835 O,
2155 4776 2239 4837 V;
2275 4793 2379 4839 nec,
2406 4778 2471 4829 L.
