3634 5800
1046 881 1174 941 514
1924 865 2281 944 ans-rom.
2757 879 2911 961 [an.
2945 881 3024 941 11
3039 877 3170 946 72.

706 1100 809 1148 and
830 1100 919 1148 the
1041 1081 1289 1166 recepti
1334 1087 1493 1146 sunt
1558 1081 1631 1145 in
1694 1081 1915 1146 osculo
1977 1080 2173 1166 pacis.
2266 1079 2352 1142 In
2413 1077 2700 1143 crastino
2727 1075 2746 1114 ¹
2817 1075 3172 1141 venerunt

699 1165 919 1296 Ῑῦξζωξὲ
1044 1179 1512 1260 Saviniacum‚²
1539 1182 1657 1247 ubi
1686 1182 2212 1269 archiepiscopus
2241 1179 2793 1264 Rothomagensis
2837 1181 2904 1242 et
2947 1175 3170 1240 multi

924 1268 936 1280 ⁰
1040 1281 1327 1370 episcopi
1372 1287 1441 1348 et
1486 1305 1782 1370 proceres
1850 1286 2316 1349 convenerunt.
2411 1279 2711 1364 Cumque
2770 1279 3014 1343 ibidem
3065 1277 3166 1341 de

1036 1402 1197 1467 pace
1272 1385 1389 1448 diu
1464 1390 1826 1452 tractatum
1904 1389 2120 1461 esset,·
2168 1383 2486 1469 quoniam
2561 1403 2680 1446 rex
2755 1381 3164 1445 mandatum

1034 1505 1260 1550 eorum
1305 1486 1605 1552 absolute
1640 1487 1867 1572 jurare
1913 1486 2150 1563 renuit,
2196 1506 2316 1549 rex
2359 1484 2447 1548 ab
2489 1484 2584 1548 eis
2629 1505 2778 1548 cum
2840 1482 3166 1568 indigna-

1032 1586 1216 1651 tione
1260 1587 1561 1654 discessit
1633 1589 1707 1652 in
1766 1588 1906 1654 haec
1965 1587 2209 1652 verba:
2291 1595 2327 1622 “
2345 1585 2625 1662 Redeo,”
2688 1585 2930 1669 inquit,
2977 1593 3008 1618 “
3027 1585 3108 1646 in
3131 1580 3162 1620 ³

1036 1695 1069 1721 “
1115 1687 1525 1768 Hiberniam,
1570 1689 1687 1754 ubi
1733 1690 1948 1754 multa
2005 1687 2172 1752 mihi
2233 1687 2645 1753 incumbunt.
2737 1687 2875 1751 Vos
2920 1689 3150 1749 autem

1035 1795 1073 1826 “
1118 1789 1191 1852 in
1238 1811 1395 1874 pace
1442 1791 1537 1856 ite
1604 1813 1723 1876 per
1784 1795 2033 1856 terram
2096 1810 2314 1854 meam
2379 1789 2498 1854 ubi
2543 1787 2734 1852 vobis
2799 1787 3156 1873 placuerit,

1035 1894 1069 1924 “
1119 1895 1187 1954 et
1258 1890 1439 1976 agite
1528 1891 1930 1979 legationem
2023 1891 2197 1957 sicut
2271 1890 2460 1956 vobis
2536 1890 2916 1975 injunctum
2989 1887 3156 1954 este’

694 2003 1011 2056 Avranehes.
1038 1992 1275 2078 Sicque
1296 1993 1323 2034 ⁴
1366 1994 1453 2060 ab
1497 1995 1591 2060 eis
1636 1996 1994 2061 discessum
2039 2001 2155 2059 est.
2266 1994 2450 2059 Tunc
2495 1992 2877 2069 cardinales,
2912 1991 3150 2056 habito

700 2067 827 2133 May
854 2075 931 2120 ¹⁹·
1032 2095 1300 2161 arctiori
1346 2097 1635 2174 consilio,
1696 2102 2178 2162 revocaveer
2223 2095 2602 2182 episcopum
2663 2094 3142 2160 Lexoviensem

1032 2201 1101 2261 et
1198 2197 1730 2265 archidiaconum
1837 2197 2294 2264 Pictavensem
2387 2202 2457 2262 et
2485 2197 2512 2236 ⁶
2607 2195 3144 2262 archidiaconum

1032 2297 1605 2378 saresberiensem,
1653 2305 1722 2365 et
1766 2320 1885 2385 per
1930 2321 2040 2365 eos
2103 2297 2514 2364 elaboratum
2572 2305 2676 2363 est
2729 2297 2908 2382 quod
2953 2303 3142 2362 sexta

1028 2399 1193 2464 feria
1254 2405 1567 2486 sequente
1637 2423 1757 2467 rex
1825 2407 1895 2466 et
1957 2399 2319 2468 cardinales
2380 2400 2563 2486 apud
2605 2399 2932 2465 Abrincas
2989 2419 3144 2465 con·

1028 2509 1374 2567 venerunt.
1487 2502 1724 2590 Ibique
1781 2503 2050 2568 omnino
2069 2501 2096 2541 ⁰
2154 2506 2556 2568 conventum
2617 2508 2718 2566 est
2777 2502 2962 2566 inter
3013 2523 3140 2581 eos,

1028 2604 1127 2670 ita
1172 2605 1349 2690 quod
1396 2627 1515 2671 rex
1562 2606 1892 2691 quidquid
1936 2627 2020 2670 ex
2063 2611 2254 2691 parte
2313 2604 2752 2670 cardinalium
2797 2604 2861 2668 ei
2905 2625 3140 2690 propo—

692 2727 873 2778 'rex-ms
896 2728 959 2778 of
1028 2707 1231 2772 situm
1278 2712 1380 2772 est
1423 2707 1707 2793 benigne
1754 2707 2046 2792 suscepit
2089 2711 2159 2770 et
2205 2708 2539 2773 concessit.
2631 2705 2768 2770 Sed
2813 2707 2974 2791 quia
3017 2728 3138 2770 rex

691 2810 929 2912 {affigam
1027 2808 1240 2874 filium
1288 2831 1479 2874 suum
1526 2809 1744 2874 voluit
1788 2809 2034 2886 adesse,
2081 2815 2160 2872 ut
2221 2809 2398 2893 quod
2464 2813 2655 2894 pater
2721 2809 3141 2895 promitteret

690 2926 817 2993 May
840 2934 921 2978 21.
1026 2913 1138 2977 ille
1200 2914 1401 2978 etiam
1468 2917 1892 2989 asseveraret,
1938 2912 2262 2976 terminus
2329 2912 2424 2977 rei
2493 2911 2742 2977 dilatus
2789 2918 2890 2977 est
2933 2933 3138 2996 usque

948 3092 956 3099 .
1024 3015 1111 3078 ad
1180 3019 1565 3099 sequentem
1640 3013 2082 3089 Dominicam‚
2145 3013 2533 3099 proximam,
2600 3012 2934 3091 videlicet,
2981 3018 3136 3079 ante

1025 3114 1492 3181 Ascensionem
1539 3113 1828 3179 Domini.
1922 3113 2111 3180 Tunc
2153 3114 2228 3177 in
2281 3113 2548 3199 publica
2607 3114 2956 3179 audientia
3001 3136 3138 3191 rex,

1024 3236 1227 3280 manu
1290 3238 1411 3280 sua
1472 3216 1669 3281 tactis
1730 3216 2160 3281 sacrosanctis
2201 3206 2596 3301 evangeliis,
2641 3215 2904 3300 juravit
2961 3216 3140 3300 quod

1023 3338 1237 3402 neque
1312 3318 1659 3383 mandavit
1748 3338 1964 3402 neque
2040 3316 2258 3381 voluit
2355 3316 2534 3402 quod
2610 3316 3140 3404 archiepiscopus

1028 3418 1525 3483 Cantuariensis
1568 3417 2067 3495 interficeretur,
2117 3423 2189 3482 et
2246 3416 2482 3483 audita
2542 3423 2755 3483 morte
2799 3418 2944 3503 ejus
2985 3417 3140 3504 plus

1024 3523 1177 3587 inde
1226 3522 1442 3586 doluit
1501 3542 1701 3607 quam
1750 3522 2018 3587 laetatus
2065 3526 2179 3586 est
2270 3521 2558 3586 Addidit
2589 3522 2812 3599 etiam,
2857 3544 2943 3587 ex
2986 3543 3140 3608 pro-

1020 3623 1169 3708 pria
1212 3622 1578 3699 voluntate,
1626 3622 1803 3706 quod
1857 3621 1940 3687 de
1993 3626 2206 3686 morte
2271 3622 2480 3706 patris
2541 3623 2651 3687 vel
2703 3624 2940 3688 matris
2999 3644 3142 3689 suae

1023 3744 1363 3810 nunquam
1426 3728 1691 3789 tantum
1752 3723 1986 3788 doluit.
2078 3722 2125 3787 J
2129 3724 2354 3787 uravit
2411 3724 2631 3802 etiam,
2682 3726 2862 3811 quod
2905 3747 3142 3810 quam-

1024 3845 1303 3910 cumque
1380 3824 1849 3911 poenitentiam
1927 3824 1988 3889 ei
2067 3824 2431 3889 cardinales
2523 3825 2953 3911 injungerent
3027 3828 3142 3891 vel

1024 3926 1539 3992 satisfactionem
1608 3926 1902 4011 plenarie
1976 3932 2458 4010 exsequeretur.
2601 3927 2885 3993 Dicebat
2956 3929 3142 3993 enim

1022 4048 1240 4093 coram
1284 4027 1591 4105 omnibus
1652 4048 1722 4092 se
1783 4026 2152 4112 intelligere
2215 4028 2392 4111 quod
2445 4049 2643 4095 causa
2687 4034 2859 4094 esset
2902 4030 3142 4095 mortis

1020 4129 1509 4215 archiepiscopi,
1569 4134 1639 4194 et
1720 4128 2046 4213 quidquid
2127 4128 2382 4195 factum
2463 4135 2564 4195 est
2644 4137 2910 4216 propter
2983 4152 3140 4196 eum

1021 4234 1271 4299 factum
1318 4238 1455 4313 est3
1498 4254 1633 4298 non
1664 4231 1842 4317 quod
1886 4232 2027 4317 ipse
2072 4232 2270 4297 mand
2278 4233 2512 4310 averit,
2553 4235 2668 4299 sed
2710 4235 2894 4319 ,quod
2935 4237 3141 4302 amici

1021 4341 1090 4398 et
1133 4334 1487 4399 familiares
1533 4334 1690 4418 ejus,
1738 4334 2043 4399 videntes
2097 4334 2549 4399 turbationem
2593 4336 2826 4401 vultus
2873 4336 3018 4422 ejus
3061 4343 3140 4402 et

1019 4435 1375 4513 oculorum,
1422 4440 1884 4529 cognoscentes
1947 4436 2150 4501 etiam
2213 4436 2507 4502 dolorem
2566 4438 2800 4517 cordia
2846 4445 2915 4504 et
2958 4460 3140 4525 saepe

1088 4638 1105 4671 ¹
1142 4638 1391 4699 crastina,
1412 4640 1475 4689 L.
2185 4639 2207 4671 ⁴
2247 4640 2454 4705 Sic-que,
2479 4642 2552 4700 Z3
2591 4642 2700 4703 Sic,
2721 4642 2784 4693 Ia.

1084 4718 1107 4749 Β
1144 4716 1514 4779 salviniacum,
1536 4718 1599 4766 L.
2185 4718 2207 4752 ⁵
2243 4726 2313 4778 et,
2335 4734 2436 4769 om.
2465 4719 2533 4770 L.

1082 4795 1105 4827 ³
1138 4793 1211 4853 in,
1233 4794 1303 4855 2³
1338 4809 1438 4845 om.
1463 4794 1523 4845 L.
2185 4795 2207 4827 ⁸
2241 4798 2501 4859 eomnmni,
2523 4796 2592 4848 L.
