3634 5800
698 885 829 937 Aa).
865 868 1084 953 1169]
1561 881 1921 931 EPISTOLAE.
2689 862 2813 927 165

701 1071 971 1139 baldus¹
1001 1070 1246 1157 adjecit
1277 1070 1453 1156 quod
1498 1068 1895 1135 stultissima
1938 1073 2109 1133 esset
2151 1067 2597 1152 praesumptio,
2642 1066 2814 1130 mul-

705 1175 794 1238 tis
840 1174 1412 1239 circumstantium
1459 1172 1590 1237 sibi
1636 1172 1926 1237 invicem
1974 1169 2352 1235 dicentibus
2384 1173 2456 1233 et
2498 1169 2813 1235 reducen-

701 1276 884 1340 tibus
928 1275 1015 1340 ad
1059 1276 1357 1340 animum
1421 1274 1586 1359 quid
1633 1274 1925 1339 Roberto
1969 1272 2053 1337 de
2098 1272 2371 1337 Silliaco
2394 1269 2419 1307 2
2480 1270 2813 1347 acciderit,

703 1380 862 1463 quia
924 1399 1046 1443 nec
1112 1378 1328 1464 ipsum
1397 1377 1690 1443 osculum
1761 1376 1848 1440 ad
1908 1376 2087 1461 pacis
2136 1378 2204 1439 et
2248 1373 2623 1439 securitatis
2668 1394 2813 1437 cus-

703 1480 955 1547 todiam
1017 1481 1181 1545 satis
1247 1480 1442 1545 firma
1503 1480 1724 1545 cautio
1793 1478 2150 1543 videretur.
2243 1475 2375 1542 Sed
2438 1496 2561 1541 nec
2627 1476 2811 1539 istud

707 1603 1094 1669 responsum
1161 1604 1356 1648 suum
1422 1582 1614 1647 nobis
1675 1602 1794 1667 per
1862 1580 2174 1667 praefatos
2237 1580 2587 1665 episcopm,
2634 1578 2815 1665 pacis

709 1685 814 1768 (ut
853 1684 1296 1769 sperabatur)
1365 1684 1778 1759 mediatoreS‚
1845 1688 1966 1746 aut
2029 1702 2149 1767 per
2216 1681 2381 1745 alios
2442 1680 2815 1765 significare

705 1786 1004 1865 curavit3
1061 1787 1281 1862 immo,
1328 1785 1518 1850 nobis
1563 1783 2101 1870 praestolantibus
2131 1782 2636 1868 responsionem,
2667 1802 2813 1846 ver—

707 1908 818 1953 sus
865 1888 1256 1952 Medontum
1274 1886 1302 1925 ³
1345 1884 1618 1951 deflexit
1661 1885 1804 1950 iter.
1899 1884 2167 1949 Allatus
2210 1890 2311 1948 est
2342 1881 2606 1949 autem⁴
2636 1884 2696 1947 ei
2742 1884 2816 1946 in

706 1990 832 2059 via,
865 1988 1170 2054 dominus
1216 1988 1584 2075 Philippus,
1616 1986 2007 2053 benedictus
2052 1986 2229 2051 filius
2264 1984 2815 2052 Christianissimi

706 2091 920 2177 regis3
979 2112 1176 2175 quem
1223 2093 1332 2175 (ut
1373 2090 1570 2155 aiunt
1613 2090 1727 2174 qui
1775 2088 2179 2171 attulerant)
2225 2086 2563 2152 subtristis
2624 2086 2817 2163 vidit,

709 2194 1004 2259 tenuiter
1079 2192 1403 2258 allocutus
1479 2198 1598 2269 est,
1671 2196 1742 2255 et
1815 2212 1965 2256 cum
2039 2189 2467 2255 festinatione
2542 2189 2817 2253 dimisit.

709 2294 892 2359 Deus
937 2299 1163 2358 tamen
1209 2294 1540 2380 praeelecti
1603 2293 1795 2379 pueri
1842 2293 1947 2356 sui
1994 2292 2355 2378 inspiravit
2398 2291 2695 2356 animum
2748 2295 2819 2355 et

709 2398 1009 2485 linguam
1055 2397 1378 2462 formavit
1421 2402 1490 2461 et
1536 2396 1804 2469 direxit,
1855 2401 1951 2472 ut,
1996 2416 2148 2461 cum
2194 2394 2561 2461 astantium
2608 2393 2818 2458 admi-

711 2500 988 2577 ratione,
1051 2500 1482 2565 festinantem
1527 2498 1616 2563 ad
1683 2498 2040 2562 discessum
2106 2501 2401 2561 moneret
2447 2502 2517 2561 et
2559 2500 2823 2582 rogaret

711 2606 1040 2687 quatenus
1103 2601 1414 2687 diligeret
1479 2622 1698 2686 regem
1759 2606 1831 2665 et
1893 2620 2173 2684 regnum
2236 2598 2640 2665 Francorum
2666 2598 2691 2635 ⁵
2752 2603 2822 2663 et

713 2706 945 2791 ipsum,
1011 2703 1168 2789 quia
1237 2725 1352 2788 per
1414 2702 1540 2768 hoc
1601 2702 1730 2769 Dei
1799 2707 1869 2767 et
1930 2701 2275 2766 hominum
2335 2701 2624 2787 gratiam
2668 2722 2821 2766 con-

712 2812 1108 2891 sequeretur.

797 2908 1177 2976 Comitatus
1224 2913 1328 2974 est
1371 2913 1598 2974 autem
1645 2929 1799 2972 eum
1845 2907 2154 2974 dominus
2203 2927 2323 2972 rex
2369 2906 2775 2974 Francorum
2799 2905 2825 2944 ⁵

713 3034 922 3096 usque
993 3011 1379 3078 Medontam
1399 3025 1432 3059 ³
1500 3016 1569 3076 et
1643 3011 1798 3076 inde
1870 3031 2075 3094 usque
2140 3030 2345 3096 prope
2424 3008 2827 3088 Paciacum‚b

721 3120 1114 3200 exspectans
1177 3111 1304 3190 ut,⁶
1361 3114 1567 3198 juxta
1642 3113 2041 3190 condictum,
2108 3112 2399 3176 traderet
2470 3111 2826 3177 Ricardum

715 3216 930 3280 filium
961 3238 1170 3280 suum.
1248 3217 1344 3280 At
1387 3215 1500 3279 ille
1545 3235 1614 3280 se
1659 3214 1784 3280 hoc
1826 3213 2155 3278 facturum
2220 3213 2526 3298 promisit
2578 3215 2649 3276 in
2698 3214 2829 3278 col-

719 3317 945 3402 loquio
1006 3317 1373 3383 Turonensi
1403 3315 1442 3396 ;7
1519 3317 1591 3380 111
1653 3337 1784 3401 quo
1844 3313 2192 3379 manifeste
2260 3314 2833 3399 deprehenderunt

720 3418 1026 3483 dominus
1073 3440 1190 3483 rex
1237 3423 1306 3484 et
1349 3417 1456 3483 sui
1503 3418 1681 3502 quod
1728 3439 1830 3481 res
1875 3437 2027 3481 cum
2074 3415 2167 3479 eis
2212 3417 2532 3501 agebatur
2562 3417 2631 3479 in
2666 3417 2831 3481 dolo.

720 3519 826 3597 Et,
857 3520 1030 3586 sicut
1075 3541 1160 3584 ex
1207 3519 1767 3604 consequentibus
1812 3517 2019 3604 signis
2050 3517 2268 3580 visum
2314 3522 2431 3594 est,
2478 3517 2550 3580 in
2596 3518 2832 3582 minori

719 3622 996 3687 caritate
1043 3622 1489 3688 discesserunt
1547 3621 1636 3685 ab
1699 3619 1985 3684 invicem
2049 3638 2249 3703 quam
2294 3619 2381 3683 ab
2441 3618 2636 3683 initio
2682 3641 2835 3684 con-

719 3725 1073 3789 venissent.
1198 3723 1341 3789 Nec
1417 3723 1711 3789 creditur
1783 3721 2183 3806 colloquium
2246 3719 2410 3785 illud
2471 3720 2649 3805 quod
2724 3721 2834 3786 ille

721 3831 948 3910 captat
1004 3847 1145 3890 esse
1190 3825 1518 3901 futurum,
1549 3825 1708 3910 quia
1751 3822 2159 3889 machinatio
2203 3821 2344 3888 haec
2387 3822 2617 3886 multis
2647 3827 2837 3908 patet

722 3927 1236 4013 impedimentis.
1328 3927 1472 3992 Nos
1543 3927 1684 3992 sine
1749 3947 2061 4011 responso
2127 3925 2269 4011 ejus
2330 3925 2418 3990 ad
2480 3925 2624 3992 loca
2684 3947 2835 3992 con-

720 4029 1061 4096 solationis
1107 4029 1300 4095 nobis
1345 4028 1695 4094 Divinitus
1757 4027 2025 4115 provisa
2068 4049 2137 4092 re
2146 4029 2315 4092 versi
2360 4047 2606 4104 sumus,
2650 4049 2835 4113 spem

789 4257 808 4289 ¹
849 4255 1184 4320 Teodbaldus,
1221 4258 1303 4318 0;
1358 4255 1729 4321 Theodbaldus,
1898 4257 1919 4288 ⁶
1952 4253 2283 4319 Francorum,
2306 4255 2377 4319 A,
2398 4255 2462 4317 O,
2490 4257 2561 4316 Z;
2584 4254 2836 4318 Franciae,

727 4337 814 4397 A;
859 4335 1200 4399 Theobaldus,
1223 4338 1282 4397 Z,
1303 4339 1364 4389 L.
1834 4336 1893 4386 L.

793 4414 816 4447 ²
848 4415 1089 4477 Filliaco,
1115 4415 1182 4466 L.
1902 4414 1923 4447 ⁶
1956 4416 2018 4474 ei,
2042 4413 2137 4464 ins.
2170 4414 2219 4464 A
2242 4435 2255 4474 ς
2290 4429 2391 4463 0111.
2414 4414 2472 4473 Ζ,
2494 4413 2555 4464 L.

792 4493 814 4528 ⁸
849 4491 1094 4554 Meldam,
1119 4497 1177 4544 L.
1901 4494 1922 4531 7
1967 4492 2200 4556 Tur-ensi,
2224 4493 2295 4552 A,
2320 4493 2398 4553 03
2442 4492 2736 4556 Turonemn',
2758 4495 2818 4545 L.

794 4573 815 4605 ⁴
849 4580 1026 4637 autem,
1048 4590 1147 4625 0111.
1173 4575 1235 4626 L.

797 4783 820 4808 ⁸
855 4777 1074 4832 Mente-s.
1786 4781 1797 4848 Ι
1894 4781 1916 4814 ¹³
1950 4785 2106 4849 Pacy.
