3634 5800
574 882 705 941 AJ).
744 871 872 942 117
879 875 967 958 2.]
1446 891 1805 943 EPIs'roLAE.
2566 877 2693 941 533

576 1076 916 1164 prophetae
962 1076 1372 1156 vaticinium,
1406 1077 1760 1144 morticina
1790 1099 2018 1143 eorum
2067 1100 2246 1145 escas
2294 1081 2682 1146 volatilibus

576 1178 735 1256 caeli,
814 1184 884 1244 et
958 1199 1183 1244 carnes
1259 1178 1491 1244 bestiis
1568 1180 1776 1256 terrae,
1845 1201 2128 1265 quorum
2185 1187 2432 1247 ‚tamen
2509 1205 2690 1250 nunc

576 1280 908 1346 memoriis
956 1284 1024 1346 et
1069 1281 1355 1346 ecclesiae
1401 1288 1670 1358 ornatae,
1716 1287 1788 1346 et
1832 1281 2172 1348 natalibus
2217 1283 2478 1370 signata
2524 1290 2685 1351 sunt

580 1387 895 1469 tempora.

670 1484 761 1548 Et
804 1483 1021 1549 adhuc
1072 1489 1363 1570 repetam
1412 1483 1629 1564 altius,
1674 1490 1770 1566 ut,
1819 1507 1897 1551 eo
1956 1487 2200 1552 certius
2247 1509 2378 1574 quo
2422 1510 2684 1574 expres·
2711 1482 2960 1547 Example

577 1586 733 1664 sius,
752 1587 965 1652 omnis
984 1585 1503 1672 blasphemantis
1534 1587 1808 1653 invidiae
1833 1589 2264 1655 contradictio
2285 1589 2687 1676 exploratur.
2711 1548 2959 1666 ffiiffies.

578 1689 1109 1756 Machabaeorum
1172 1710 1437 1754 causam
1500 1695 1570 1754 et
1631 1711 1901 1775 poenam
1951 1691 2248 1778 legimus,
2294 1693 2486 1779 signa
2529 1716 2688 1760 vero

579 1813 713 1857 non
757 1793 1087 1871 vidimus3
1150 1790 1391 1876 quibus
1440 1797 1665 1858 tamen
1721 1799 1934 1858 mater
1978 1793 2286 1873 Ecclesia,
2331 1796 2505 1862 sicut
2568 1818 2688 1863 nec

578 1895 886 1980 martyrii
914 1895 1191 1980 gloriam
1234 1893 1589 1973 subtrahit,
1638 1916 1759 1961 nec
1802 1900 2173 1981 martyrum
2207 1897 2410 1963 etiam
2445 1920 2687 1965 nomen

576 1999 853 2064 invidet.
990 1987 1239 2063 Verum
1303 1997 1461 2063 huic
1523 1997 1806 2084 martyri
1873 2004 2098 2064 nostro
2161 2021 2282 2066 nec
2345 2001 2682 2088 signorum
2709 2004 2815 2054 But
2837 2005 2924 2056 the

580 2101 783 2166 etiam
843 2100 1227 2164 testimonia
1288 2099 1559 2164 subtrah
1568 2105 1791 2177 untur,
1856 2104 1937 2164 ut
1997 2100 2097 2166 ita
2163 2101 2237 2165 in
2302 2123 2411 2168 ore
2478 2104 2683 2169 trium
2709 2085 2822 2200 {¹52⁷
2811 2087 2978 2187 112⁸*

579 2206 714 2267 stet
757 2200 952 2266 istius
996 2199 1411 2285 martyrium.
1506 2198 1713 2265 Poena
1758 2201 2008 2266 etenim
2052 2207 2124 2267 et
2152 2223 2351 2270 causa
2381 2210 2451 2269 et
2494 2205 2686 2293 signa
2709 2203 2936 2254 miracles
2952 2213 3007 2256 ¹0

579 2304 829 2388 pariter
905 2307 974 2367 et
1049 2307 1431 2368 constanter
1520 2302 1920 2386 martyrium
2009 2302 2134 2370 hoc
2209 2309 2682 2373 contestantur.
2709 2285 2800 2334 ⁸1²²
2801 2286 2874 2321 re.

580 2404 851 2490 Triplex
895 2409 1071 2469 certe
1130 2402 1468 2468 funiculus
1528 2401 1653 2480 hic,
1702 2425 1917 2488 quem,
1967 2410 2046 2471 ut
2091 2406 2311 2470 minus
2355 2427 2685 2492 gramma-

577 2507 709 2574 tice
754 2506 872 2572 sed
940 2526 1016 2571 eo
1082 2505 1454 2590 expressius
1522 2504 1771 2590 loquar,
1839 2507 1966 2570 etsi
2032 2507 2145 2571 ille
2237 2558 2685 2576 .....

578 2613 945 2694 rumpatur,
990 2629 1295 2693 rumpere
1342 2613 1567 2672 tamen
1614 2629 1749 2672 non
1795 2608 2057 2693 poterit.
2173 2609 2389 2675 Istum
2436 2611 2682 2696 quippe

578 2710 816 2796 rumpi,
880 2733 965 2774 ne
1027 2710 1242 2775 dicam
1313 2708 1595 2788 difficile,
1653 2709 1767 2774 sed
1839 2710 2242 2796 impossibile
2306 2718 2424 2778 est.
2537 2713 2683 2780 Nec

577 2815 754 2881 enim
814 2819 1233 2901 peccatorum
1294 2812 1409 2878 sed
1463 2819 1835 2898 martyrum
1883 2813 2062 2879 funis
2122 2813 2233 2880 hic
2297 2821 2417 2894 est,
2463 2838 2678 2903 quem,

576 2918 893 2986 connexis
952 2916 1240 3003 justitiae
1305 2922 1374 2980 et
1436 2914 1859 2980 fortitudinis
1925 2916 2071 2993 filis,
2119 2920 2466 2984 contexuit
2538 2922 2680 3006 ipse

578 3021 827 3107 digitus
882 3018 1047 3083 Dei.-
1150 3017 1343 3097 Quod
1405 3018 1462 3081 si
1508 3022 1735 3082 tamen
1793 3018 2002 3103 signa,
2047 3020 2296 3086 mundo
2347 3021 2492 3106 jam
2539 3025 2679 3087 tam

574 3130 824 3211 aperta,
854 3121 1190 3208 aliquibus
1234 3121 1413 3185 inter
1458 3140 1576 3184 nos
1622 3124 1854 3206 operta
1899 3126 2076 3198 sunt,
2107 3122 2179 3185 in
2226 3122 2330 3187 his
2384 3124 2676 3209 profecto

575 3227 690 3313 qui
737 3229 1019 3311 pereunt
1064 3226 1295 3308 operta
1339 3227 1513 3298 sunt,
1559 3221 1633 3284 in
1680 3222 1919 3307 quibus
1980 3223 2162 3288 Deus
2205 3224 2406 3312 hujus
2451 3228 2674 3291 saeculi

575 3327 935 3395 excaecavit
980 3330 1235 3390 mentes
1297 3323 1684 3400 infidelium,
1734 3329 1812 3390 ut
1881 3325 1988 3415 eisx
2042 3347 2176 3391 non
2236 3327 2490 3413 fulgeat
2533 3329 2676 3396 haec

574 3428 977 3495 illuminatio
1024 3433 1233 3493 tantae
1278 3427 1507 3513 gloriae
1556 3425 1812 3491 Christi
1924 3478 1937 3493 .
2033 3477 2050 3493 .
2145 3480 2156 3493 .
2229 3478 2246 3495 .
2315 3436 2671 3517 martyrem
2701 3441 2815 3520 {rho
2833 3450 3013 3493 matter

574 3534 750 3599 cnim
797 3535 1103 3617 reputare
1151 3536 1219 3594 et
1264 3528 1577 3613 martyris
1623 3529 1911 3615 palmam
1956 3530 2264 3616 martyrii
2312 3532 2520 3617 gloria
2568 3535 2676 3599 de·
2699 3524 2744 3559 ¹⁸
2771 3518 2967 3574 urgent.

572 3634 900 3711 fraudare,
949 3632 1112 3718 quid
1158 3631 1341 3695 aliud
1388 3630 1521 3695 nisi
1568 3631 1894 3695 diabolica
1940 3634 2010 3695 in
2057 3634 2434 3717 proximum
2499 3634 2674 3699 invi-

574 3720 819 3812 dentia,
867 3741 936 3800 et
980 3754 1163 3799 mera
1209 3734 1281 3797 in
1328 3732 1548 3797 Deum
1594 3732 2008 3818 blasphemia
2062 3737 2206 3798 est?
2295 3732 2448 3799 Nisi
2492 3736 2664 3803 forte

573 3838 781 3925 aliqui
845 3836 1023 3900 inter
1084 3855 1201 3898 vos
1264 3832 1402 3897 sint
1469 3834 1630 3898 novi
1695 3832 2082 3910 Christiani,
2141 3834 2345 3900 immo
2409 3842 2666 3903 veteres

573 3941 782 4027 magis
806 3936 1199 4014 antichristi,
1231 3934 1364 4020 qui,
1397 3940 1477 3999 ut
1516 3936 1981 4020 spiculatorem
2005 3936 2394 4020 justificent,
2420 3938 2672 4005 Christi

570 4048 934 4127 martyrem
994 4038 1399 4103 inhonorant
1460 4042 1528 4101 et
1580 4058 1825 4102 nomen
1871 4045 2181 4122 quaerunt
2225 4041 2670 4128 exstinguere,

573 4146 766 4231 quod,
799 4142 967 4206 velit
1010 4139 1199 4218 nolit,
1246 4138 1516 4203 invidus
1548 4138 1837 4203 mundus
1875 4140 2016 4223 jam
2064 4140 2303 4226 incipit
2346 4142 2670 4210 invocare.

570 4247 671 4312 Tu
748 4265 919 4330 ergo,
988 4243 1273 4307 vicarius
1350 4240 1619 4323 Christi,
1672 4241 1959 4307 christus
2027 4242 2318 4321 Domini,
2386 4246 2669 4325 effunde,

570 4347 851 4422 effunde,
898 4351 967 4411 et
1012 4344 1255 4409 festina
1308 4343 1661 4420 effundere,
1710 4348 1788 4407 ut
1835 4350 2253 4430 unguentum
2315 4345 2670 4414 descendat

568 4474 609 4517 a
654 4450 869 4535 capite
921 4449 994 4512 in
1039 4448 1330 4522 barbam,
1379 4451 1447 4511 et
1507 4467 1547 4509 a
1595 4446 1798 4512 barba
1859 4449 1932 4511 in
1987 4469 2166 4512 oram
2189 4446 2214 4485 ¹
2261 4451 2665 4528 vestimenti,

568 4574 651 4617 ne
705 4552 871 4616 forte
933 4548 1055 4613 fiat
1116 4552 1531 4633 praepostere,
1585 4552 1655 4611 et
1720 4548 2114 4613 recondente
2183 4554 2252 4614 te
2317 4551 2506 4636 cujus
2570 4557 2672 4616 est

1454 4772 1469 4817 l
1507 4772 1694 4823 horam.
1716 4773 1834 4823 MS.

2278 4702 2411 4709 n*—
