3634 5800
666 909 799 962 1111.
834 891 1060 982 1169]
1546 905 1906 956 sr1s'roLAE.
2592 989 2598 996 .
2645 891 2767 956 191

644 1096 1117 1163 ·communicat
1184 1095 1420 1162 alienis
1495 1094 2013 1161 communicabit
2090 1101 2159 1161 et
2221 1094 2436 1161 morti.
2569 1095 2771 1162 Exite
2793 1092 3053 1170 nxhorta-

670 1222 823 1287 ergo
869 1221 1093 1287 quaeso
1138 1199 1219 1265 de
1266 1199 1484 1264 medio
1531 1218 1775 1276 eorum,
1807 1198 2038 1284 ponite
2081 1198 2278 1264 corda
2307 1202 2534 1265 vestra
2576 1220 2774 1285 super
2795 1167 2923 1211 ‘¹⁰¹¹'

668 1302 813 1368 vias
842 1309 1139 1382 vestras;
1185 1305 1255 1366 et
1286 1303 1402 1387 qui
1447 1322 1530 1366 ex
1576 1320 1820 1386 magna
1864 1305 2054 1386 parte
2103 1301 2308 1385 (quod
2339 1323 2488 1368 cum
2533 1302 2772 1368 rubore

667 1408 737 1469 et
782 1403 1005 1470 dolore
1050 1403 1358 1470 confusus
1412 1401 1713 1488 eloquor)
1782 1403 2076 1489 privigni
2139 1402 2368 1468 fuistis
2429 1402 2768 1484 hactenm,

664 1506 775 1571 vel
821 1528 999 1574 nunc
1028 1507 1303 1572 tandem
1333 1505 1690 1571 transeatis
1735 1505 1807 1570 in
1849 1510 2093 1571 sortem
2138 1504 2449 1585 filiorum,
2479 1525 2770 1570 commu-

666 1606 952 1673 nicando
1000 1607 1298 1694 paternis
1349 1606 1875 1684 necessitatibuS,
1924 1606 2183 1672 fructus
2229 1606 2646 1693 poenitentiae
2702 1612 2772 1673 et

666 1709 1061 1775 obedientiae
1108 1708 1514 1795 exequendo,
1560 1713 1631 1773 et
1675 1708 2020 1774 infamiam
2050 1699 2153 1775 ¹ab
2199 1709 2469 1775 ecclesia
2511 1711 2768 1796 propel-

624 1801 901 1891 'lend03
978 1833 1143 1898 quse,
1214 1810 1423 1898 (quod
1488 1809 1670 1875 Deus
1737 1811 2032 1894 avertat)
2096 1811 2228 1876 nisi
2301 1813 2770 1899 praecaveritis,

672 1920 893 1980 vestra
968 1914 1223 1980 duritia
1297 1919 1735 2000 promerente,
1796 1913 2306 1999 perpetuabitur
2381 1915 2450 1980 in
2528 1915 2768 2000 sempi-

666 2021 947 2082 ternum.
1083 2015 1435 2082 Monuerat
1497 2015 1639 2094 hoc,
1706 2016 1912 2080 immo
1974 2021 2393 2102 praeceperat,
2458 2017 2766 2082 dominus

666 2139 857 2204 papa,
906 2119 1019 2184 sed
1084 2139 1207 2184 nec
1261 2118 1403 2204 ipse
1456 2139 1574 2204 pro
1620 2139 1742 2183 sua
1801 2117 2179 2183 reverentia
2239 2119 2596 2184 exauditus
2648 2124 2764 2184 est.

668 2219 1014 2306 Numquid
1046 2227 1115 2285 et
1160 2240 1297 2296 voe,
1345 2219 1717 2284 infidelium
1762 2240 1962 2295 more,
2009 2220 2253 2285 dicturi
2287 2221 2466 2298 estis,
2497 2219 2767 2287 Christo

666 2323 909 2388 iterum
941 2344 1061 2408 pro
1092 2322 1364 2388 ecclesia
1408 2322 1704 2408 patiente
1730 2345 1743 2386 ε
1775 2330 1809 2356 “
1832 2320 1974 2386 Nos
2019 2342 2154 2387 non
2185 2321 2505 2387 habemus
2548 2325 2766 2410 ponti-

665 2431 700 2459 “
744 2424 934 2490 ficem
995 2429 1117 2490 aut
1168 2445 1409 2510 papam
1466 2423 1597 2488 nisi
1653 2421 1982 2488 Caesarem
2013 2421 2089 2490 2”
2211 2423 2539 2511 Nunquid
2601 2427 2767 2492 adeo

662 2527 915 2592 timetis
960 2526 1151 2591 illum
1196 2525 1330 2611 qui,
1376 2529 1646 2611 accepta
1706 2525 2040 2590 divinitus
2092 2531 2439 2613 potestate,
2493 2549 2768 2615 corpora

662 2649 905 2694 vexare
960 2633 1179 2713 potest
1246 2649 1380 2692 non
1440 2628 1729 2713 perdere,
1773 2631 1856 2692 ut
1917 2627 2107 2691 illum
2168 2632 2606 2696 contemnatis
2652 2633 2767 2717 qui

664 2737 883 2797 totum
912 2752 1149 2816 corpus
1198 2733 1417 2815 potest
1458 2733 1529 2794 et
1568 2731 1859 2796 animam
1905 2732 2178 2816 perdere
2223 2733 2296 2796 in
2340 2732 2714 2820 gehennam
2742 2738 2768 2800 2

661 2833 731 2898 Is
778 2837 953 2899 certe
1014 2833 1325 2920 praecepit
1376 2835 1456 2896 ut
1516 2831 1808 2917 praelatis
1877 2832 2274 2913 obediretur,
2325 2840 2402 2901 ut
2463 2834 2588 2899 filii
2653 2857 2765 2923 pa-

662 2942 883 3003 rentes
911 2936 1253 3013 honorent,
1283 2955 1639 3020 eorumque
1669 2935 2094 3001 necessitates
2127 2937 2467 3023 excipiant
2505 2961 2768 3027 promp-

666 3038 927 3105 tissima
968 3037 1285 3116 caritate3
1356 3057 1557 3121 quam
1616 3036 1911 3121 profecto
1959 3058 2095 3102 non
2140 3038 2382 3105 habere
2431 3044 2766 3109 convinci-

665 3146 799 3218 tur,
844 3140 961 3225 qui
1008 3130 1280 3204 finti-em
1325 3138 1400 3202 in
1443 3137 1880 3203 tribulatione
1942 3140 2234 3226 positum
2257 3147 2262 3151 ”
2288 3163 2406 3229 pro
2451 3142 2766 3211 facultate

664 3242 791 3308 sibi
839 3243 1000 3306 data
1054 3262 1187 3305 non
1252 3240 1647 3305 consolatur.
1767 3240 2098 3307 Affectum
2170 3264 2455 3329 namque
2523 3249 2766 3314 mentis

664 3342 1070 3408 validissime
1115 3342 1454 3407 convincit
1498 3340 1828 3408 exhibitio
1875 3344 2106 3428 operis..
2230 3344 2466 3412 Valeat
2509 3368 2768 3435 semper

665 3446 985 3511 sanctitas
1050 3449 1287 3520 vestra,
1336 3449 1404 3510 et
1470 3443 1541 3507 in
1588 3443 1715 3507 'his
1785 3465 1936 3528 quae
2004 3446 2232 3511 monui
2299 3448 2576 3513 verbum
2639 3450 2765 3517 Dei

662 3550 884 3636 potius
930 3545 1234 3613 consulat
1279 3566 1481 3631 quam
1526 3544 1796 3611 vicinos.

1562 3847 1875 3916 DCXIX.

1416 3974 1697 4043 Amcus
1740 3976 2004 4043 amco}

1243 4101 1335 4165 (ο.
1364 4105 1497 4163 14s;
1535 4104 1593 4152 z.
1616 4100 1683 4153 iv.
1710 4106 1808 4162 623
1845 4100 2025 4153 rhom.
2049 4105 2193 4165 378.)

746 4220 1035 4289 Difficile
1094 4225 1200 4286 est
1250 4220 1349 4286 ibi
1394 4221 1693 4289 consulte
1744 4243 1942 4309 agere
2002 4222 2121 4288 ubi
2179 4224 2353 4291 ratio
2411 4228 2764 4315 respuitur,

648 4324 921 4411 justitia
964 4323 1401 4401 conculcatur,
1447 4323 1566 4389 ubi
1610 4344 1908 4391 summus
1953 4325 2258 4411 pontifex
2301 4330 2766 4410 contemnitur,

724 4500 741 4533 ¹
780 4500 850 4553 So
875 4500 947 4561 Z;
981 4501 1069 4553 the
1090 4500 1275 4566 epistle
1298 4501 1393 4551 has
1416 4514 1482 4551 no
1505 4499 1662 4551 head·
1764 4518 1886 4567 may
1909 4504 1972 4553 be
2005 4504 2162 4554 taken
2196 4504 2276 4554 for
2310 4520 2340 4557 a
2375 4506 2682 4571 description
2714 4510 2775 4559 of

655 4579 743 4645 ing
764 4580 815 4629 in
842 4580 889 4631 Ο
913 4594 973 4629 οι·
994 4578 1047 4628 111
1071 4578 1138 4629 G.
1206 4578 1259 4627 It
1291 4580 1415 4629 does
1449 4584 1543 4629 not
1573 4593 1663 4642 ap-
1765 4580 1854 4631 the
1904 4588 2036 4631 state
2081 4582 2160 4631 of.
2191 4583 2429 4649 England
2475 4587 2638 4635 under
2681 4586 2768 4638 the

656 4670 780 4720 pear
824 4656 975 4707 when
1022 4656 1061 4707 it
1105 4671 1209 4707 was
1248 4657 1469 4717 written,
1508 4673 1568 4707 or
1606 4664 1660 4709 to
1762 4658 1936 4722 king’s
1981 4658 2278 4712 ordinances
2329 4662 2483 4729 given
2537 4664 2590 4714 in
2636 4666 2767 4731 Epp.

654 4737 795 4785 what
828 4735 868 4785 it
904 4734 1143 4801 specially
1172 4736 1390 4798 relate83
1427 4738 1519 4786 but
1551 4735 1593 4785 it
1614 4735 1661 4785 is
1768 4742 1882 4799 599,
1909 4742 2021 4789 600.

658 4815 837 4879 placed
884 4815 1005 4866 here
1046 4828 1104 4865 as
1144 4814 1231 4866 the
1271 4814 1382 4867 first
1420 4820 1661 4867 sentence
