3634 5800
870 870 998 940 172
1747 886 2106 936 Erus-rom.
2594 873 2750 957 [an.
2789 875 2981 941 1169.

868 1073 941 1138 in
987 1093 1118 1158 quo
1158 1072 1319 1158 quid
1365 1077 1589 1138 actum
1637 1073 1744 1149 sit,
1777 1093 1863 1137 ex
1908 1072 2013 1136 his
2045 1093 2194 1157 quae
2240 1071 2621 1157 scripsimus
2639 1073 2663 1112 ¹
2708 1073 2976 1140 domino

871 1174 1235 1242 Senonensi.
1283 1179 1352 1240 et
1405 1175 1598 1240 sociis
1660 1175 1923 1251 nostriS,
1972 1175 2163 1240 facile
2208 1175 2519 1242 discretio
2562 1179 2785 1240 vestra
2830 1195 2976 1261 per-

869 1278 1132 1363 pendet.
1272 1275 1606 1341 Timemus
1679 1277 1874 1354 enim,
1949 1299 2034 1341 ne
2108 1277 2166 1340 si
2197 1345 2205 1350 ,
2240 1281 2478 1344 cuncta
2552 1281 2926 1343 retexamus
2952 1274 2979 1314 2

868 1379 1220 1467 prolixitas
1281 1379 1598 1446 orationis
1660 1378 2003 1444 fastidium
2065 1384 2351 1467 generet,
2399 1379 2764 1465 praesertim
2824 1399 2975 1443 cum

869 1487 1124 1548 certum
1193 1487 1538 1546 teneamus
1605 1479 2023 1566 diligentiam
2094 1487 2387 1548 vestram
2450 1481 2624 1547 circa
2690 1480 2981 1566 plurima

871 1589 1278 1670 occupatam.
1415 1582 1545 1649 Sed
1615 1582 1789 1648 sicut
1853 1604 1990 1647 non
2060 1587 2281 1668 potest
2344 1582 2651 1668 AEthiops
2716 1586 2976 1646 mutare

871 1686 1107 1771 pellem
1179 1692 1302 1752 aut
1369 1684 1613 1772 pardus
1677 1683 2035 1749 varietates
2110 1705 2280 1761 suae,
2358 1685 2452 1750 sic
2512 1683 2843 1748 fallaciam
2910 1688 2980 1747 et

871 1788 1173 1853 fraudem
1221 1810 1460 1852 exuere
1508 1787 1833 1863 nesciunt,
1878 1786 2012 1871 qui,
2059 1787 2146 1852 ab
2192 1787 2388 1851 initio
2434 1787 2593 1852 vitae
2639 1808 2845 1871 usque
2891 1785 2977 1850 ad

873 1895 1137 1955 aetatem
1215 1890 1661 1964 maturiorem,
1739 1887 2110 1954 docuerunt
2178 1888 2470 1974 linguam
2546 1909 2735 1954 suam
2794 1887 2977 1972 loqui

873 1991 1310 2070 mendacium,
1373 1997 1442 2056 et
1500 1996 1581 2056 ut
1640 1990 1867 2076 inique
1922 1995 2197 2076 agerent
2270 1990 2756 2056 laboraverunt.
2879 1989 2980 2054 Ut

875 2114 1028 2179 ergo
1073 2094 1372 2180 magistri
1419 2093 1692 2158 Viviani
1737 2092 1959 2157 verbis
2006 2097 2296 2168 utamm,
2340 2091 2467 2157 hoc
2518 2092 2590 2154 in
2636 2095 2975 2155 tantarum

873 2194 1378 2280 promissionum
1405 2193 1432 2232 ³
1495 2215 1755 2259 summa
1817 2194 2084 2259 demum
2152 2194 2413 2280 reperit,
2460 2192 2636 2278 quod
2696 2214 2813 2256 rex
2868 2192 2979 2257 ille
3062 2271 3067 2283 Ι

873 2319 1012 2382 prae
1055 2297 1312 2362 cunctis
1356 2295 1748 2361 mortalibus
1800 2295 2159 2381 sophistice
2205 2294 2382 2358 vivit
2426 2300 2496 2359 et
2540 2293 2857 2379 loquitur,
2902 2299 2981 2358 ut

876 2398 1018 2462 Deo
1050 2404 1120 2463 et
1163 2397 1543 2464 hominibus
1589 2397 1830 2462 debeat
1876 2419 2013 2462 esse
2046 2395 2325 2460 odibilis.
2420 2394 2637 2460 Cessit
2666 2395 2935 2460 tandem
2954 2395 2979 2433 ⁴

875 2501 1190 2586 praefatus
1251 2499 1570 2586 magister
1621 2498 1695 2562 in
1743 2497 2146 2564 sententiam
2189 2502 2493 2576 vestram,
2546 2504 2617 2562 et
2676 2498 2849 2563 sicut
2892 2497 2979 2562 ab

875 2602 970 2668 eis
1001 2602 1372 2688 accepimus
1416 2600 1660 2685 quibus
1687 2599 1855 2664 fides
1900 2599 2207 2665 habenda
2224 2598 2249 2636 ⁵
2294 2604 2415 2675 est,
2444 2597 2777 2666 fallaciam
2806 2599 2979 2684 regis

873 2704 1052 2789 apud
1113 2703 1432 2769 Sanctum
1503 2701 1903 2786 Dionysium
1964 2707 2274 2786 patenter
2345 2702 2586 2787 arguit,
2656 2707 2742 2778 et,
2806 2701 2980 2767 sicut

874 2805 1268 2883 audivimu5‚
1301 2804 1648 2892 pecuniam
1678 2824 1882 2889 quam
1913 2803 1973 2868 ei
2006 2823 2340 2868 recessuro
2370 2804 2643 2868 miserat
2684 2804 2978 2890 accipere

875 2910 1222 2986 recusavit,
1277 2910 1610 2973 detestans
1657 2906 2117 2991 duplicitatem
2158 2910 2229 2970 et
2272 2906 2597 2973 malitiam
2627 2906 2785 2993 ejus.
2888 2906 2978 2971 'Ei

875 3034 1136 3098 quoque
1157 3011 1184 3049 ⁰
1230 3011 1562 3097 rescripsit
1607 3008 2093 3094 increpatorias,
2144 3008 2645 3087 exhortatorias,
2690 3014 2761 3075 et
2804 3030 2983 3075 com-

875 3114 1260 3179 minatorias
1328 3112 1601 3187 litterae,
1665 3111 1840 3176 sicut
1902 3111 2092 3177 nobis
2145 3111 2592 3197 significatum
2652 3116 2772 3187 est,
2818 3133 2977 3197 qua-

873 3236 1020 3279 rum
1079 3214 1458 3300 exemplum
1511 3212 1701 3277 vobis
1754 3211 2076 3298 jussimus
2136 3214 2541 3299 praesentari.
2666 3212 2980 3292 Quicum-

875 3338 1000 3402 que
1069 3339 1228 3382 vero
1304 3313 1781 3381 familiaritatis
1859 3314 2047 3379 initae
2124 3315 2440 3380 viderunt
2513 3314 2789 3393 exitum,
2860 3321 2980 3381 aut

539 3428 752 3479 Gratian
873 3418 1238 3484 Vivianum
1306 3418 1688 3503 loquentem
1751 3416 2128 3493 audierunt,
2192 3416 2453 3503 publice
2523 3418 2980 3504 protestaban-

537 3496 827 3612 ξζθξῗῖζζξ,
873 3524 986 3585 tur
1030 3521 1244 3587 solum
1306 3541 1392 3584 ex
1435 3518 1742 3584 omnibus
1793 3519 1909 3604 qui
1962 3518 2051 3583 ad
2112 3539 2333 3605 regem
2374 3519 2741 3605 Anglorum
2795 3520 2979 3585 missi
3633 3582 3634 3615 ἶ

873 3622 1141 3689 fuerant
1188 3642 1414 3707 sapere
1446 3619 1857 3685 Gratianum.
1952 3618 2028 3685 Si
2070 3619 2396 3685 Vivianus
2456 3620 2529 3685 in
2588 3621 2773 3687 curia
2830 3642 2983 3687 con·
3632 3660 3634 3744 A

873 3724 1210 3789 sonaverit
1269 3722 1434 3798 istis,
1488 3720 1755 3797 ibidem,
1817 3719 1936 3786 illo
1996 3725 2267 3787 auctore
2312 3721 2477 3787 velit
2520 3722 2707 3799 nolit,
2768 3723 2983 3789 nomi-

873 3827 980 3891 nis
1036 3826 1241 3892 vestri
1303 3824 1546 3889 titulus
1591 3823 1834 3890 clarius
1894 3823 2228 3889 elucescet.
2338 3822 2413 3889 Si
2457 3829 2734 3910 partem,
2780 3845 2980 3910 quam

875 3929 1054 4013 apud
1123 3948 1243 3993 nos
1307 3927 1676 3993 detestatus
1744 3930 1864 4002 est,
1926 3925 2147 3991 fovere
2212 3946 2414 3991 ausus
2476 3926 2697 4004 fuerit,
2740 3927 2983 4013 dignus

878 4035 981 4094 est
1073 4050 1220 4095 cum
1309 4027 1644 4114 proditore
1724 4025 1978 4092 Christi
2052 4028 2559 4114 ignominiosam
2646 4028 2983 4115 suspendii
3630 3954 3632 4087 ¹

875 4131 1097 4198 subire
1145 4130 1655 4197 damnationem.
1801 4128 2158 4214 Speramus
2220 4134 2448 4195 autem
2499 4130 2582 4196 de
2644 4128 2760 4196 illo
2818 4130 2984 4198 vici-
3630 4092 3632 4176 A

1466 4319 1733 4327 -—-—-——

943 4437 960 4470 ¹
994 4436 1300 4501 scripsimus,
1339 4434 1406 4493 A,
1445 4434 1525 4492 0;
1575 4431 1881 4498 subscripsi-
2048 4432 2070 4464 ⁴
2104 4432 2319 4493 tandem,
2340 4434 2415 4493 A,
2438 4432 2504 4495 O,
2532 4432 2618 4493 L;
2652 4438 2835 4493 tamn,
2860 4434 2925 4483 v,

875 4532 996 4577 mus,
1016 4514 1079 4565 L.
2046 4510 2065 4542 ⁵
2100 4510 2403 4573 adhibenda,
2425 4511 2494 4561 L.

941 4595 964 4628 2
994 4602 1300 4656 retexamus,
1321 4593 1392 4655 V,
1415 4590 1473 4641 Z.
2045 4588 2067 4623 ⁶
2100 4588 2291 4655 Eique,
2312 4588 2381 4641 L.
2776 4625 2781 4631 .

940 4674 962 4705 ³
987 4673 1334 4739 permissione,
1379 4671 1450 4731 A,
1497 4668 1576 4731 03
1619 4668 1879 4734 promissi-

873 4768 1036 4816 onum,
1059 4752 1120 4801 L.
