3634 5800
988 811 1118 876 542
1869 822 2232 874 nmsronae..
2709 808 2875 893 [mn.
2913 806 3144 873 1172.

982 1011 1159 1077 inter
1221 1014 1447 1080 doctos
1512 1012 1782 1090 doctior,
1851 1013 2026 1077 inter
2095 1013 2428 1098 sapientes
2499 1011 2882 1096 sapientior,
2931 1013 3140 1075 inter

982 1116 1266 1201 optimos
1312 1116 1557 1192 melior,
1628 1116 1807 1182 inter
1869 1114 2157 1181 humiles
2225 1114 2458 1192 socius,
2523 1114 2700 1180 inter
2765 1115 3136 1180 maximos

980 1217 1206 1305 major.
1296 1219 1464 1284 Erat
1505 1238 1719 1303 praeco
1766 1215 1956 1283 verbi
2002 1216 2261 1294 Divini,
2325 1215 2492 1282 tuba
2535 1215 2888 1302 evangelii,
2935 1215 3134 1280 ami-

980 1337 1094 1386 cus
1138 1319 1377 1405 sponsi,
1450 1319 1756 1385 columna
1823 1318 1996 1396 cleri,
2065 1319 2295 1384 oculus
2363 1317 2541 1396 caeci,
2603 1317 2838 1404 ling-ua
2907 1315 3128 1394 muti,

978 1441 1095 1506 pes
1138 1421 1375 1500 claudi,
1422 1419 1519 1488 sal
1564 1425 1775 1498 terrae,
1819 1420 2057 1507 patriae
2104 1420 2350 1497 lumen,
2397 1419 2698 1486 minister
2741 1417 3126 1494 Altissimi,

980 1522 1266 1588 vicarius
1342 1521 1610 1600 Christi,
1676 1522 1965 1589 christus
2032 1520 2320 1588 Domini.
2439 1521 2608 1586 Tota
2681 1519 3124 1588 conversatio

978 1623 1121 1709 ejus
1168 1629 1309 1690 erat
1352 1624 1575 1692 schola
1616 1624 2005 1702 honestatis,
2052 1644 2311 1688 morum
2355 1622 2721 1700 aedfficatio,
2768 1629 2840 1689 et
2883 1627 3118 1688 strue-

982 1730 1133 1792 tura
1196 1726 1447 1793 salutis.
1543 1726 1705 1792 Erat
1749 1727 1824 1792 in
1856 1725 2114 1813 judicio
2161 1730 2398 1804 rectus,
2461 1725 2534 1789 in
2603 1725 3114 1812 dispensatione

978 1828 1364 1906 industriuS,
1454 1828 1527 1892 in
1620 1826 2061 1914 praecipiendo
2159 1827 2500 1904 discretae,
2593 1827 2666 1891 in
2763 1826 3112 1912 loquendo

977 1931 1331 2008 modestus,
1406 1930 1479 1994 in
1553 1928 1827 1996 consilio
1918 1929 2443 2015 circumspectus,
2521 1929 2948 2014 parcissimus
3023 1929 3106 1993 in

977 2033 1123 2098 cibo
1166 2032 1546 2119 recipiendo
1592 2031 1664 2096 in
1709 2031 2020 2098 donando
2050 2031 2484 2118 largissimus,
2509 2031 2583 2096 in
2613 2032 2717 2098 ira
2761 2031 3100 2118 pacificus,

978 2133 1051 2198 in
1096 2155 1287 2201 carne
1331 2133 1623 2222 angelus,
1670 2135 1850 2199 inter
1893 2133 2176 2220 injurias
2237 2138 2638 2212 mansuetus,
2695 2133 2974 2198 timidus
3017 2134 3100 2198 in

975 2237 1321 2322 prosperiS,
1403 2235 1856 2302 securissimus
1924 2236 1998 2299 in
2078 2235 2392 2312 adversis,
2453 2235 2526 2298 in
2595 2233 3042 2322 eleemosynas
3065 2234 3094 2272 ¹

974 2337 1238 2416 effusus,
1281 2338 1356 2402 in
1401 2337 1863 2404 misericordiis
1893 2342 2090 2403 totus.
2123 2405 2127 2410 ,
2183 2336 2347 2403 Erat
2376 2335 2832 2423 religiosorum
2861 2337 3096 2423 gloria,

976 2439 1230 2506 deliciae
1274 2438 1501 2525 plebis³
1548 2439 1749 2505 timor
1810 2438 2205 2524 principum,
2269 2437 2452 2504 Deus
2517 2437 2892 2504 Pharaonis
2985 2438 3090 2504 De

976 2539 1106 2606 isto
1150 2561 1500 2627 possumus
1546 2539 1946 2606 fiducialiter
1993 2539 2214 2605 dicere
2259 2544 2329 2604 et
2389 2542 2659 2606 cantare
2705 2539 2866 2625 quia.
2935 2545 3090 2626 post

976 2665 1215 2709 aurum
1260 2665 1396 2709 non
1459 2643 1645 2721 abiit,
1710 2662 1832 2710 nec
1895 2643 2192 2729 speravit
2259 2643 2332 2707 in
2399 2642 2728 2709 thaeauris
2773 2643 3088 2729 pecuniae,

977 2747 1095 2831 qui
1139 2767 1261 2812 nec
1304 2751 1609 2832 acceptor
1639 2765 2008 2825 munerum,
2040 2765 2162 2812 nec
2189 2749 2570 2831 acceptator
2599 2767 2740 2812 esse
2771 2744 3084 2833 dignatus

976 2850 1079 2912 est
1108 2868 1555 2934 personarum.
1620 2844 1864 2915 Caeteri
1895 2847 1969 2912 in
1999 2845 2380 2914 eminentiae
2409 2846 2808 2915 cathedralis
2835 2847 3088 2935 apicem

976 2949 1319 3017 sublimati
1372 2949 1603 3017 statim
1665 2970 1892 3015 curam
1957 2949 2174 3015 carnis
2239 2950 2627 3036 propensius
2687 2954 2920 3037 agunt,
2963 2950 3092 3015 cir-

974 3053 1416 3139 cumspectius
1484 3074 1553 3117 se
1628 3052 1908 3128 dietant,
1982 3072 2117 3116 non
2191 3051 2412 3117 minus
2489 3052 2730 3118 timent
2801 3053 3093 3139 corporis

975 3156 1437 3241 aegritudinem
1485 3175 1685 3240 quam
1730 3152 2122 3241 gehennam,
2187 3160 2258 3219 et
2301 3152 2374 3217 in
2443 3154 2750 3219 omnibus
2793 3154 3089 3240 spatium

974 3257 1136 3323 vitae
1203 3255 1644 3343 productioris
1712 3255 2047 3322 affectant.
2159 3254 2300 3320 Iste
2365 3276 2538 3333 vero,
2601 3276 2645 3321 a
2689 3256 2902 3342 primo
2947 3276 3089 3321 suae

973 3360 1407 3445 promotionis
1452 3359 1777 3445 ingressu,
1814 3377 2073 3423 summo
2119 3357 2440 3424 desiderio
2485 3357 2844 3444 appetebat
2883 3358 3088 3423 finem

974 3459 1154 3539 vitae,
1229 3460 1453 3537 immo,
1528 3464 1609 3525 ut
1684 3460 1907 3526 verius
1991 3458 2239 3545 loquar,
2315 3458 2590 3525 vivendi
2667 3459 3090 3546 principium.

974 3560 1173 3641 Nam,
1204 3562 1377 3629 sicut
1397 3560 1423 3601 ²
1470 3561 1783 3629 Salomon
1811 3562 1947 3627 ait:
1995 3569 2030 3598 “
2050 3560 2223 3626 Cum
2267 3562 2830 3628 consummaverit
2871 3561 3090 3643 home,

976 3671 1012 3699 “
1056 3668 1217 3730 tunc
1261 3662 1557 3750 incipit.’'
1647 3663 1873 3749 Hujus
1904 3663 2084 3729 enim
2128 3662 2290 3728 vitae
2335 3665 2744 3730 transeuntis
2790 3684 3090 3752 egressus

974 3765 1307 3851 ingressus
1351 3769 1455 3830 est
1516 3764 1603 3829 ad
1668 3763 1856 3830 illam
1925 3785 2074 3849 quae
2136 3784 2258 3830 nec
2279 3762 2304 3803 ³
2365 3764 2609 3831 transit
2673 3786 2797 3832 nec
2839 3765 3092 3831 desinit

972 3868 1202 3934 vitam.
1294 3868 1359 3933 A
1402 3866 1846 3933 tenerioribus
1910 3865 2106 3932 annis
2153 3865 2495 3953 incipiens,
2545 3867 2826 3954 singulis
2867 3869 3088 3933 aetati-

972 3970 1113 4048 bus,
1160 3970 1352 4056 quasi
1396 3967 1679 4056 singulis
1724 3968 1858 4035 diei
1903 3967 2102 4047 horis,
2163 3972 2492 4055 tanquam
2537 3969 2822 4057 diligens
2865 3970 3086 4037 cultor

970 4077 1042 4138 et
1086 4077 1411 4139 strenuus.
1440 4071 1513 4136 in
1540 4070 1741 4137 vinea
1786 4070 2059 4137 Domini
2123 4069 2417 4137 Sabaoth
2465 4071 2832 4155 laboravit3
2876 4077 2945 4138 et
2989 4073 3086 4139 sic

970 4174 1045 4239 in
1110 4172 1673 4242 consummatione
1720 4178 2098 4239 sanctorum
2143 4172 2324 4239 'vitae
2367 4173 2772 4242 transitoriae
2816 4195 3082 4243 cursum

971 4275 1232 4343 clausit.
1329 4276 1507 4343 Sane
1545 4273 1824 4362 jamdiu,
1873 4274 2374 4341 conversatione
2419 4276 2699 4343 caelestis
2745 4281 2816 4344 et
2857 4298 2901 4343 a
2943 4297 3082 4345 cor-

969 4398 1129 4467 pore
1191 4378 1636 4467 peregrinam,
1682 4376 2042 4444 anhelabat
2107 4377 2196 4443 ad
2258 4377 2410 4445 illas
2477 4378 2767 4448 caelestes
2813 4379 3079 4450 delicias

967 4480 1351 4569 temporalis
1396 4480 1559 4547 vitae
1602 4479 1887 4547 transire
1929 4479 2332 4566 compendio·

1034 4650 1053 4687 ¹
1086 4653 1436 4720 elemosynas,
1456 4651 1613 4717 MS.;
1636 4650 1972 4717 eleemosynis,
2138 4652 2160 4685 ²
2193 4660 2266 4716 ut,
2287 4653 2406 4705 MS.

968 4734 1034 4789 G.
2135 4732 2159 4767 ⁸
2191 4748 2312 4797 non,
2333 4732 2400 4787 G.
