<?xml version="1.0" encoding="UTF-8"?>
<!DOCTYPE html PUBLIC "-//W3C//DTD XHTML 1.0 Transitional//EN"
    "http://www.w3.org/TR/xhtml1/DTD/xhtml1-transitional.dtd">
<html xmlns="http://www.w3.org/1999/xhtml" xml:lang="en" lang="en">
 <head>
  <title>
</title>
<meta http-equiv="Content-Type" content="text/html;charset=utf-8" />
  <meta name='ocr-system' content='tesseract 3.04.00' />
  <meta name='ocr-capabilities' content='ocr_page ocr_carea ocr_par ocr_line ocrx_word'/>
</head>
<body>
  <div class='ocr_page' id='page_1' title='image "./materialsforhis00herbgoog_0265.png"; bbox 0 0 3634 5800; ppageno 0'>
   <div class='ocr_carea' id='block_1_1' title="bbox 555 1580 770 1630">
    <p class='ocr_par' dir='ltr' id='par_1_1' title="bbox 555 1580 770 1630">
     <span class='ocr_line' id='line_1_1' title="bbox 555 1580 770 1630; baseline -0.005 0"><span class='ocrx_word' id='word_1_1' title='bbox 555 1580 668 1630; x_wconf 87' lang='lat' dir='ltr'><strong>The</strong></span> <span class='ocrx_word' id='word_1_2' title='bbox 691 1582 770 1630; x_wconf 87' lang='lat' dir='ltr'><strong>in·</strong></span> 
     </span>
    </p>
   </div>
   <div class='ocr_carea' id='block_1_2' title="bbox 554 1649 714 1697">
    <p class='ocr_par' dir='ltr' id='par_1_2' title="bbox 554 1649 714 1697">
     <span class='ocr_line' id='line_1_2' title="bbox 554 1649 714 1697; baseline -0.006 0"><span class='ocrx_word' id='word_1_3' title='bbox 554 1649 714 1697; x_wconf 80' lang='lat' dir='ltr'><strong>terim.</strong></span> 
     </span>
    </p>
   </div>
   <div class='ocr_carea' id='block_1_3' title="bbox 557 3012 834 3275">
    <p class='ocr_par' dir='ltr' id='par_1_3' title="bbox 557 3012 834 3275">
     <span class='ocr_line' id='line_1_3' title="bbox 559 3012 745 3062; baseline -0.005 0"><span class='ocrx_word' id='word_1_4' title='bbox 559 3012 745 3062; x_wconf 73' lang='lat' dir='ltr'><strong>Futuro</strong></span> 
     </span>
     <span class='ocr_line' id='line_1_4' title="bbox 560 3078 818 3128; baseline 0 -1"><span class='ocrx_word' id='word_1_5' title='bbox 560 3080 735 3128; x_wconf 79' lang='lat' dir='ltr'><strong>effects</strong></span> <span class='ocrx_word' id='word_1_6' title='bbox 759 3078 818 3127; x_wconf 81' lang='lat' dir='ltr'><strong>of</strong></span> 
     </span>
     <span class='ocr_line' id='line_1_5' title="bbox 557 3145 834 3209; baseline 0 -16"><span class='ocrx_word' id='word_1_7' title='bbox 557 3145 645 3193; x_wconf 85' lang='lat' dir='ltr'><strong>the</strong></span> <span class='ocrx_word' id='word_1_8' title='bbox 668 3148 834 3209; x_wconf 83' lang='lat' dir='ltr'><strong>pope&#39;s</strong></span> 
     </span>
     <span class='ocr_line' id='line_1_6' title="bbox 559 3211 734 3275; baseline 0.011 -16"><span class='ocrx_word' id='word_1_9' title='bbox 559 3211 734 3275; x_wconf 73' lang='lat' dir='ltr'><strong>lenity.</strong></span> 
     </span>
    </p>
   </div>
   <div class='ocr_carea' id='block_1_4' title="bbox 895 873 2998 958">
    <p class='ocr_par' dir='ltr' id='par_1_4' title="bbox 895 873 2998 958">
     <span class='ocr_line' id='line_1_7' title="bbox 895 873 2998 958; baseline 0.002 -24"><span class='ocrx_word' id='word_1_10' title='bbox 895 873 1025 934; x_wconf 83' lang='lat'><strong>240</strong></span> <span class='ocrx_word' id='word_1_11' title='bbox 1772 885 2129 936; x_wconf 67' lang='lat' dir='ltr'><strong>uns-roms.</strong></span> <span class='ocrx_word' id='word_1_12' title='bbox 2610 873 2766 958; x_wconf 69' lang='lat' dir='ltr'><strong>[Am.</strong></span> <span class='ocrx_word' id='word_1_13' title='bbox 2804 873 2998 943; x_wconf 85' lang='lat'>1170.</span> 
     </span>
    </p>
   </div>
   <div class='ocr_carea' id='block_1_5' title="bbox 888 1069 3038 4438">
    <p class='ocr_par' dir='ltr' id='par_1_5' title="bbox 888 1069 3038 4438">
     <span class='ocr_line' id='line_1_8' title="bbox 892 1069 2995 1161; baseline 0 -22"><span class='ocrx_word' id='word_1_14' title='bbox 892 1077 1117 1150; x_wconf 87' lang='lat' dir='ltr'><strong>cestat,</strong></span> <span class='ocrx_word' id='word_1_15' title='bbox 1209 1077 1278 1136; x_wconf 86' lang='lat' dir='ltr'><strong>et</strong></span> <span class='ocrx_word' id='word_1_16' title='bbox 1364 1071 1479 1135; x_wconf 89' lang='lat' dir='ltr'><strong>alii</strong></span> <span class='ocrx_word' id='word_1_17' title='bbox 1571 1069 1798 1136; x_wconf 91' lang='lat' dir='ltr'><strong>nuntii</strong></span> <span class='ocrx_word' id='word_1_18' title='bbox 1877 1069 2066 1157; x_wconf 89' lang='lat' dir='ltr'><strong>regis,</strong></span> <span class='ocrx_word' id='word_1_19' title='bbox 2164 1091 2342 1136; x_wconf 90' lang='lat' dir='ltr'><strong>nunc</strong></span> <span class='ocrx_word' id='word_1_20' title='bbox 2432 1079 2724 1138; x_wconf 85' lang='lat' dir='ltr'><strong>vestram</strong></span> <span class='ocrx_word' id='word_1_21' title='bbox 2801 1074 2995 1161; x_wconf 84' lang='lat' dir='ltr'><strong>longe</strong></span> 
     </span>
     <span class='ocr_line' id='line_1_9' title="bbox 892 1172 2998 1260; baseline 0.001 -21"><span class='ocrx_word' id='word_1_22' title='bbox 892 1175 1178 1240; x_wconf 88' lang='lat' dir='ltr'><strong>deterius</strong></span> <span class='ocrx_word' id='word_1_23' title='bbox 1224 1175 1624 1260; x_wconf 90' lang='lat' dir='ltr'><strong>deceperunt</strong></span> <span class='ocrx_word' id='word_1_24' title='bbox 1691 1173 2131 1240; x_wconf 69' lang='lat' dir='ltr'><strong>sanctitatem.</strong></span> <span class='ocrx_word' id='word_1_25' title='bbox 2229 1172 2397 1238; x_wconf 87' lang='lat' dir='ltr'><strong>Ecce</strong></span> <span class='ocrx_word' id='word_1_26' title='bbox 2460 1175 2639 1238; x_wconf 89' lang='lat' dir='ltr'><strong>enim</strong></span> <span class='ocrx_word' id='word_1_27' title='bbox 2685 1197 2805 1241; x_wconf 81' lang='lat' dir='ltr'><strong>rex</strong></span> <span class='ocrx_word' id='word_1_28' title='bbox 2866 1177 2998 1255; x_wconf 87' lang='lat' dir='ltr'><strong>ille,</strong></span> 
     </span>
     <span class='ocr_line' id='line_1_10' title="bbox 893 1276 3000 1361; baseline 0.002 -23"><span class='ocrx_word' id='word_1_29' title='bbox 893 1277 1008 1361; x_wconf 88' lang='lat' dir='ltr'><strong>qui</strong></span> <span class='ocrx_word' id='word_1_30' title='bbox 1067 1277 1238 1341; x_wconf 87' lang='lat' dir='ltr'>nihil</span> <span class='ocrx_word' id='word_1_31' title='bbox 1311 1276 1496 1341; x_wconf 88' lang='lat' dir='ltr'><strong>aliud</strong></span> <span class='ocrx_word' id='word_1_32' title='bbox 1569 1276 1701 1339; x_wconf 87' lang='lat' dir='ltr'><strong>nisi</strong></span> <span class='ocrx_word' id='word_1_33' title='bbox 1777 1279 2057 1340; x_wconf 89' lang='lat' dir='ltr'><strong>mortem</strong></span> <span class='ocrx_word' id='word_1_34' title='bbox 2129 1280 2421 1342; x_wconf 86' lang='lat' dir='ltr'><strong>vestram</strong></span> <span class='ocrx_word' id='word_1_35' title='bbox 2476 1277 2810 1343; x_wconf 81' lang='lat' dir='ltr'><strong>desiderat</strong></span> <span class='ocrx_word' id='word_1_36' title='bbox 2878 1285 3000 1343; x_wconf 90' lang='lat' dir='ltr'><strong>aut</strong></span> 
     </span>
     <span class='ocr_line' id='line_1_11' title="bbox 890 1375 2997 1464; baseline 0.001 -22"><span class='ocrx_word' id='word_1_37' title='bbox 890 1383 1199 1455; x_wconf 86' lang='lat' dir='ltr'><strong>nostram,</strong></span> <span class='ocrx_word' id='word_1_38' title='bbox 1249 1379 1389 1443; x_wconf 88' lang='lat' dir='ltr'><strong>voti</strong></span> <span class='ocrx_word' id='word_1_39' title='bbox 1437 1398 1697 1463; x_wconf 86' lang='lat' dir='ltr'><strong>compos</strong></span> <span class='ocrx_word' id='word_1_40' title='bbox 1761 1375 2031 1442; x_wconf 85' lang='lat' dir='ltr'><strong>effectus</strong></span> <span class='ocrx_word' id='word_1_41' title='bbox 2080 1382 2198 1453; x_wconf 87' lang='lat' dir='ltr'><strong>est,</strong></span> <span class='ocrx_word' id='word_1_42' title='bbox 2244 1397 2514 1463; x_wconf 87' lang='lat' dir='ltr'><strong>sperans</strong></span> <span class='ocrx_word' id='word_1_43' title='bbox 2564 1378 2765 1464; x_wconf 89' lang='lat' dir='ltr'><strong>(quod</strong></span> <span class='ocrx_word' id='word_1_44' title='bbox 2814 1379 2997 1445; x_wconf 87' lang='lat' dir='ltr'><strong>Deus</strong></span> 
     </span>
     <span class='ocr_line' id='line_1_12' title="bbox 890 1476 2995 1564; baseline 0 -19"><span class='ocrx_word' id='word_1_45' title='bbox 890 1485 1154 1545; x_wconf 89' lang='lat' dir='ltr'><strong>avertat</strong></span> <span class='ocrx_word' id='word_1_46' title='bbox 1183 1482 1224 1563; x_wconf 72' lang='grc' dir='ltr'><strong>Σ)</strong></span> <span class='ocrx_word' id='word_1_47' title='bbox 1269 1480 1394 1544; x_wconf 87' lang='lat' dir='ltr'><strong>sub</strong></span> <span class='ocrx_word' id='word_1_48' title='bbox 1453 1479 1652 1564; x_wconf 88' lang='lat' dir='ltr'><strong>hujus</strong></span> <span class='ocrx_word' id='word_1_49' title='bbox 1701 1478 2041 1543; x_wconf 82' lang='lat' dir='ltr'><strong>dilationis</strong></span> <span class='ocrx_word' id='word_1_50' title='bbox 2064 1476 2087 1514; x_wconf 84' lang='lat'>¹</span> <span class='ocrx_word' id='word_1_51' title='bbox 2142 1483 2362 1544; x_wconf 86' lang='lat' dir='ltr'><strong>tractu</strong></span> <span class='ocrx_word' id='word_1_52' title='bbox 2430 1479 2667 1544; x_wconf 90' lang='lat' dir='ltr'><strong>horum</strong></span> <span class='ocrx_word' id='word_1_53' title='bbox 2712 1481 2995 1546; x_wconf 87' lang='lat' dir='ltr'><strong>alterum</strong></span> 
     </span>
     <span class='ocr_line' id='line_1_13' title="bbox 893 1581 2996 1668; baseline 0 -20"><span class='ocrx_word' id='word_1_54' title='bbox 893 1587 1304 1648; x_wconf 87' lang='lat' dir='ltr'><strong>eventurum.</strong></span> <span class='ocrx_word' id='word_1_55' title='bbox 1415 1581 1548 1648; x_wconf 87' lang='lat' dir='ltr'><strong>Sed</strong></span> <span class='ocrx_word' id='word_1_56' title='bbox 1617 1581 1899 1646; x_wconf 87' lang='lat' dir='ltr'><strong>monetis</strong></span> <span class='ocrx_word' id='word_1_57' title='bbox 1968 1585 2047 1646; x_wconf 85' lang='lat' dir='ltr'><strong>ut</strong></span> <span class='ocrx_word' id='word_1_58' title='bbox 2110 1581 2379 1646; x_wconf 88' lang='lat' dir='ltr'><strong>interim</strong></span> <span class='ocrx_word' id='word_1_59' title='bbox 2440 1583 2833 1668; x_wconf 87' lang='lat' dir='ltr'><strong>patientiam</strong></span> <span class='ocrx_word' id='word_1_60' title='bbox 2878 1584 2996 1649; x_wconf 87' lang='lat' dir='ltr'><strong>ha-</strong></span> 
     </span>
     <span class='ocr_line' id='line_1_14' title="bbox 897 1681 3038 1770; baseline 0.001 -22"><span class='ocrx_word' id='word_1_61' title='bbox 897 1685 1174 1750; x_wconf 81' lang='lat' dir='ltr'><strong>beamus.</strong></span> <span class='ocrx_word' id='word_1_62' title='bbox 1279 1683 1435 1749; x_wconf 88' lang='lat' dir='ltr'><strong>Non</strong></span> <span class='ocrx_word' id='word_1_63' title='bbox 1480 1683 1850 1758; x_wconf 79' lang='lat' dir='ltr'><strong>attenditiS,</strong></span> <span class='ocrx_word' id='word_1_64' title='bbox 1895 1687 2101 1768; x_wconf 89' lang='lat' dir='ltr'><strong>pater,</strong></span> <span class='ocrx_word' id='word_1_65' title='bbox 2148 1681 2275 1748; x_wconf 90' lang='lat' dir='ltr'><strong>hoc</strong></span> <span class='ocrx_word' id='word_1_66' title='bbox 2330 1682 2616 1750; x_wconf 46' lang='lat' dir='ltr'><strong>{meacm</strong></span> <span class='ocrx_word' id='word_1_67' title='bbox 2662 1706 2860 1770; x_wconf 87' lang='lat' dir='ltr'><strong>quam</strong></span> <span class='ocrx_word' id='word_1_68' title='bbox 2908 1688 2998 1751; x_wconf 87' lang='lat' dir='ltr'><strong>sit</strong></span> <span class='ocrx_word' id='word_1_69' title='bbox 3030 1763 3038 1770; x_wconf 43' lang='grc'><strong>,</strong></span> 
     </span>
     <span class='ocr_line' id='line_1_15' title="bbox 891 1785 2999 1874; baseline 0 -23"><span class='ocrx_word' id='word_1_70' title='bbox 891 1787 1382 1874; x_wconf 87' lang='lat' dir='ltr'><strong>dispendiosum</strong></span> <span class='ocrx_word' id='word_1_71' title='bbox 1452 1785 1752 1862; x_wconf 86' lang='lat' dir='ltr'><strong>ecclesiae,</strong></span> <span class='ocrx_word' id='word_1_72' title='bbox 1824 1789 1894 1849; x_wconf 90' lang='lat' dir='ltr'><strong>et</strong></span> <span class='ocrx_word' id='word_1_73' title='bbox 1969 1789 2296 1870; x_wconf 89' lang='lat' dir='ltr'><strong>quantum</strong></span> <span class='ocrx_word' id='word_1_74' title='bbox 2374 1790 2613 1850; x_wconf 85' lang='lat' dir='ltr'><strong>vestrae</strong></span> <span class='ocrx_word' id='word_1_75' title='bbox 2688 1786 2999 1852; x_wconf 88' lang='lat' dir='ltr'><strong>detrahat</strong></span> 
     </span>
     <span class='ocr_line' id='line_1_16' title="bbox 891 1887 2998 1977; baseline 0 -23"><span class='ocrx_word' id='word_1_76' title='bbox 891 1889 1243 1956; x_wconf 88' lang='lat' dir='ltr'><strong>honestati.</strong></span> <span class='ocrx_word' id='word_1_77' title='bbox 1289 1906 1298 1916; x_wconf 92' lang='lat'><em>·</em></span> <span class='ocrx_word' id='word_1_78' title='bbox 1338 1888 1387 1953; x_wconf 95' lang='lat' dir='ltr'><em>I</em></span> <span class='ocrx_word' id='word_1_79' title='bbox 1381 1887 1640 1954; x_wconf 68' lang='lat' dir='ltr'><strong>nterim</strong></span> <span class='ocrx_word' id='word_1_80' title='bbox 1685 1887 2105 1977; x_wconf 84' lang='lat' dir='ltr'><strong>episcopatus</strong></span> <span class='ocrx_word' id='word_1_81' title='bbox 2174 1893 2245 1952; x_wconf 89' lang='lat' dir='ltr'><strong>et</strong></span> <span class='ocrx_word' id='word_1_82' title='bbox 2307 1887 2609 1953; x_wconf 81' lang='lat' dir='ltr'><strong>abbatias</strong></span> <span class='ocrx_word' id='word_1_83' title='bbox 2688 1895 2998 1955; x_wconf 82' lang='lat' dir='ltr'><strong>vacantes</strong></span> 
     </span>
     <span class='ocr_line' id='line_1_17' title="bbox 888 1988 2993 2078; baseline -0 -21"><span class='ocrx_word' id='word_1_84' title='bbox 888 1995 958 2057; x_wconf 91' lang='lat' dir='ltr'><strong>in</strong></span> <span class='ocrx_word' id='word_1_85' title='bbox 1004 1992 1302 2078; x_wconf 88' lang='lat' dir='ltr'><strong>proprios</strong></span> <span class='ocrx_word' id='word_1_86' title='bbox 1345 1991 1590 2056; x_wconf 86' lang='lat' dir='ltr'><strong>abusus</strong></span> <span class='ocrx_word' id='word_1_87' title='bbox 1634 1989 1894 2075; x_wconf 85' lang='lat' dir='ltr'><strong>redigit,</strong></span> <span class='ocrx_word' id='word_1_88' title='bbox 1938 2009 2059 2056; x_wconf 90' lang='lat' dir='ltr'><strong>nec</strong></span> <span class='ocrx_word' id='word_1_89' title='bbox 2104 1989 2176 2054; x_wconf 91' lang='lat' dir='ltr'><strong>in</strong></span> <span class='ocrx_word' id='word_1_90' title='bbox 2221 1988 2353 2055; x_wconf 87' lang='lat' dir='ltr'><strong>illis</strong></span> <span class='ocrx_word' id='word_1_91' title='bbox 2400 1990 2655 2076; x_wconf 90' lang='lat' dir='ltr'><strong>patitur</strong></span> <span class='ocrx_word' id='word_1_92' title='bbox 2701 1992 2993 2057; x_wconf 85' lang='lat' dir='ltr'><strong>ordinari</strong></span> 
     </span>
     <span class='ocr_line' id='line_1_18' title="bbox 896 2091 3001 2182; baseline 0 -22"><span class='ocrx_word' id='word_1_93' title='bbox 896 2101 1209 2182; x_wconf 85' lang='lat' dir='ltr'><strong>pastores.</strong></span> <span class='ocrx_word' id='word_1_94' title='bbox 1308 2093 1356 2158; x_wconf 95' lang='lat' dir='ltr'><strong><em>I</em></strong></span> <span class='ocrx_word' id='word_1_95' title='bbox 1352 2091 1610 2159; x_wconf 66' lang='lat' dir='ltr'><strong>ntm&#39;i‘m</strong></span> <span class='ocrx_word' id='word_1_96' title='bbox 1687 2092 1759 2155; x_wconf 92' lang='lat' dir='ltr'><strong>in</strong></span> <span class='ocrx_word' id='word_1_97' title='bbox 1824 2112 2051 2156; x_wconf 88' lang='lat' dir='ltr'><strong>omnes</strong></span> <span class='ocrx_word' id='word_1_98' title='bbox 2126 2091 2489 2178; x_wconf 78' lang='lat' dir='ltr'><strong>parochiaS,</strong></span> <span class='ocrx_word' id='word_1_99' title='bbox 2552 2093 2870 2173; x_wconf 74' lang='lat' dir='ltr'><strong>ecclesiaS,</strong></span> <span class='ocrx_word' id='word_1_100' title='bbox 2933 2101 3001 2161; x_wconf 90' lang='lat' dir='ltr'><strong>et</strong></span> 
     </span>
     <span class='ocr_line' id='line_1_19' title="bbox 889 2194 2995 2273; baseline 0 -11"><span class='ocrx_word' id='word_1_101' title='bbox 889 2198 1032 2264; x_wconf 88' lang='lat' dir='ltr'><strong>loca</strong></span> <span class='ocrx_word' id='word_1_102' title='bbox 1093 2194 1516 2273; x_wconf 85' lang='lat' dir='ltr'><strong>venerabilia,</strong></span> <span class='ocrx_word' id='word_1_103' title='bbox 1562 2200 1631 2260; x_wconf 89' lang='lat' dir='ltr'><strong>et</strong></span> <span class='ocrx_word' id='word_1_104' title='bbox 1693 2199 1912 2259; x_wconf 89' lang='lat' dir='ltr'><strong>totum</strong></span> <span class='ocrx_word' id='word_1_105' title='bbox 1982 2194 2245 2272; x_wconf 89' lang='lat' dir='ltr'><strong>clerum,</strong></span> <span class='ocrx_word' id='word_1_106' title='bbox 2294 2195 2709 2262; x_wconf 84' lang='lat' dir='ltr'><strong>irrevocabili</strong></span> <span class='ocrx_word' id='word_1_107' title='bbox 2772 2196 2995 2263; x_wconf 83' lang='lat' dir='ltr'><strong>furore</strong></span> 
     </span>
     <span class='ocr_line' id='line_1_20' title="bbox 892 2295 2997 2384; baseline 0 -20"><span class='ocrx_word' id='word_1_108' title='bbox 892 2299 1348 2367; x_wconf 84' lang='lat' dir='ltr'><strong>debacchatur.</strong></span> <span class='ocrx_word' id='word_1_109' title='bbox 1440 2295 1742 2363; x_wconf 70' lang='lat' dir='ltr'><strong>Interim</strong></span> <span class='ocrx_word' id='word_1_110' title='bbox 1772 2302 1913 2361; x_wconf 88' lang='lat' dir='ltr'><strong>tam</strong></span> <span class='ocrx_word' id='word_1_111' title='bbox 1959 2297 2100 2383; x_wconf 87' lang='lat' dir='ltr'><strong>ipse</strong></span> <span class='ocrx_word' id='word_1_112' title='bbox 2146 2318 2347 2382; x_wconf 88' lang='lat' dir='ltr'><strong>quam</strong></span> <span class='ocrx_word' id='word_1_113' title='bbox 2390 2297 2503 2362; x_wconf 87' lang='lat' dir='ltr'><strong>alii</strong></span> <span class='ocrx_word' id='word_1_114' title='bbox 2552 2303 2997 2384; x_wconf 85' lang='lat' dir='ltr'><strong>persecutores</strong></span> 
     </span>
     <span class='ocr_line' id='line_1_21' title="bbox 891 2397 2993 2484; baseline -0.001 -16"><span class='ocrx_word' id='word_1_115' title='bbox 891 2402 1178 2469; x_wconf 83' lang='lat' dir='ltr'><strong>ecclesiae</strong></span> <span class='ocrx_word' id='word_1_116' title='bbox 1222 2400 1480 2468; x_wconf 88' lang='lat' dir='ltr'><strong>licitum</strong></span> <span class='ocrx_word' id='word_1_117' title='bbox 1525 2403 1874 2484; x_wconf 74' lang='lat' dir='ltr'><strong>coaequant</strong></span> <span class='ocrx_word' id='word_1_118' title='bbox 1916 2398 2127 2465; x_wconf 74' lang='lat' dir='ltr'><strong>libito.</strong></span> <span class='ocrx_word' id='word_1_119' title='bbox 2225 2398 2390 2482; x_wconf 81' lang='lat' dir='ltr'><strong>Quis</strong></span> <span class='ocrx_word' id='word_1_120' title='bbox 2435 2397 2719 2465; x_wconf 69' lang='lat' dir='ltr'><strong>interim</strong></span> <span class='ocrx_word' id='word_1_121' title='bbox 2768 2402 2993 2466; x_wconf 88' lang='lat' dir='ltr'><strong>ovium</strong></span> 
     </span>
     <span class='ocr_line' id='line_1_22' title="bbox 895 2501 2995 2591; baseline 0 -21"><span class='ocrx_word' id='word_1_122' title='bbox 895 2504 1145 2570; x_wconf 81' lang='lat' dir='ltr'><strong>Christi</strong></span> <span class='ocrx_word' id='word_1_123' title='bbox 1190 2525 1414 2570; x_wconf 87' lang='lat' dir='ltr'><strong>curam</strong></span> <span class='ocrx_word' id='word_1_124' title='bbox 1480 2506 1683 2590; x_wconf 87' lang='lat' dir='ltr'><strong>geret,</strong></span> <span class='ocrx_word' id='word_1_125' title='bbox 1729 2506 1800 2566; x_wconf 89' lang='lat' dir='ltr'><strong>et</strong></span> <span class='ocrx_word' id='word_1_126' title='bbox 1843 2523 1951 2567; x_wconf 87' lang='lat' dir='ltr'><strong>eas</strong></span> <span class='ocrx_word' id='word_1_127' title='bbox 1998 2501 2294 2567; x_wconf 86' lang='lat' dir='ltr'><strong>excutiet</strong></span> <span class='ocrx_word' id='word_1_128' title='bbox 2335 2524 2377 2567; x_wconf 90' lang='lat' dir='ltr'><strong>a</strong></span> <span class='ocrx_word' id='word_1_129' title='bbox 2440 2501 2746 2568; x_wconf 83' lang='lat' dir='ltr'><strong>faucibus</strong></span> <span class='ocrx_word' id='word_1_130' title='bbox 2808 2504 2995 2591; x_wconf 92' lang='lat' dir='ltr'><strong>lupo-</strong></span> 
     </span>
     <span class='ocr_line' id='line_1_23' title="bbox 893 2602 2993 2694; baseline -0.001 -22"><span class='ocrx_word' id='word_1_131' title='bbox 893 2631 1057 2686; x_wconf 88' lang='lat' dir='ltr'><strong>rum,</strong></span> <span class='ocrx_word' id='word_1_132' title='bbox 1089 2607 1204 2694; x_wconf 92' lang='lat' dir='ltr'><strong>qui</strong></span> <span class='ocrx_word' id='word_1_133' title='bbox 1245 2606 1384 2692; x_wconf 90' lang='lat' dir='ltr'><strong>jam</strong></span> <span class='ocrx_word' id='word_1_134' title='bbox 1429 2625 1564 2670; x_wconf 95' lang='lat' dir='ltr'><strong>non</strong></span> <span class='ocrx_word' id='word_1_135' title='bbox 1595 2605 2021 2681; x_wconf 87' lang='lat' dir='ltr'><strong>circumeunt,</strong></span> <span class='ocrx_word' id='word_1_136' title='bbox 2052 2603 2185 2680; x_wconf 88' lang='lat' dir='ltr'><strong>sed,</strong></span> <span class='ocrx_word' id='word_1_137' title='bbox 2218 2602 2441 2670; x_wconf 90' lang='lat' dir='ltr'><strong>caulas</strong></span> <span class='ocrx_word' id='word_1_138' title='bbox 2486 2605 2665 2690; x_wconf 88' lang='lat' dir='ltr'><strong>ipsas</strong></span> <span class='ocrx_word' id='word_1_139' title='bbox 2696 2606 2993 2692; x_wconf 86' lang='lat' dir='ltr'><strong>ingressi,</strong></span> 
     </span>
     <span class='ocr_line' id='line_1_24' title="bbox 893 2705 2993 2787; baseline 0 -13"><span class='ocrx_word' id='word_1_140' title='bbox 893 2708 1216 2787; x_wconf 83' lang='lat' dir='ltr'><strong>mordent,</strong></span> <span class='ocrx_word' id='word_1_141' title='bbox 1292 2709 1602 2784; x_wconf 87' lang='lat' dir='ltr'><strong>lacerant,</strong></span> <span class='ocrx_word' id='word_1_142' title='bbox 1671 2711 1739 2771; x_wconf 91' lang='lat' dir='ltr'><strong>et</strong></span> <span class='ocrx_word' id='word_1_143' title='bbox 1803 2705 2117 2772; x_wconf 89' lang='lat' dir='ltr'><strong>occidunt</strong></span> <span class='ocrx_word' id='word_1_144' title='bbox 2202 2705 2468 2772; x_wconf 87' lang='lat' dir='ltr'><strong>nemine</strong></span> <span class='ocrx_word' id='word_1_145' title='bbox 2544 2707 2993 2774; x_wconf 78' lang='lat' dir='ltr'><strong>reclamante?</strong></span> 
     </span>
     <span class='ocr_line' id='line_1_25' title="bbox 896 2807 2995 2896; baseline -0.001 -19"><span class='ocrx_word' id='word_1_146' title='bbox 896 2811 1021 2878; x_wconf 83' lang='lat' dir='ltr'><strong>Cui</strong></span> <span class='ocrx_word' id='word_1_147' title='bbox 1100 2811 1276 2876; x_wconf 87' lang='lat' dir='ltr'><strong>enim</strong></span> <span class='ocrx_word' id='word_1_148' title='bbox 1338 2815 1679 2896; x_wconf 81' lang='lat' dir='ltr'><strong>pastorum</strong></span> <span class='ocrx_word' id='word_1_149' title='bbox 1753 2828 1889 2873; x_wconf 94' lang='lat' dir='ltr'><strong>non</strong></span> <span class='ocrx_word' id='word_1_150' title='bbox 1948 2807 2389 2896; x_wconf 68' lang='lat' dir='ltr'><strong>praeripuistis</strong></span> <span class='ocrx_word' id='word_1_151' title='bbox 2466 2814 2739 2875; x_wconf 67' lang='lat' dir='ltr'><strong>vocem?</strong></span> <span class='ocrx_word' id='word_1_152' title='bbox 2830 2809 2995 2890; x_wconf 81' lang='lat' dir='ltr'><strong>Quis</strong></span> 
     </span>
     <span class='ocr_line' id='line_1_26' title="bbox 895 2910 2994 3001; baseline -0 -22"><span class='ocrx_word' id='word_1_153' title='bbox 895 2915 1346 3001; x_wconf 86' lang='lat' dir='ltr'><strong>episcoporum</strong></span> <span class='ocrx_word' id='word_1_154' title='bbox 1392 2934 1528 2978; x_wconf 92' lang='lat' dir='ltr'><strong>non</strong></span> <span class='ocrx_word' id='word_1_155' title='bbox 1572 2917 1676 2978; x_wconf 88' lang='lat' dir='ltr'><strong>est</strong></span> <span class='ocrx_word' id='word_1_156' title='bbox 1719 2912 1791 2975; x_wconf 91' lang='lat' dir='ltr'><strong>in</strong></span> <span class='ocrx_word' id='word_1_157' title='bbox 1839 2915 2069 2976; x_wconf 88' lang='lat' dir='ltr'><strong>nostra</strong></span> <span class='ocrx_word' id='word_1_158' title='bbox 2114 2910 2542 2996; x_wconf 83' lang='lat' dir='ltr'><strong>suspensione</strong></span> <span class='ocrx_word' id='word_1_159' title='bbox 2588 2918 2994 2997; x_wconf 75' lang='lat' dir='ltr'><strong>suspensus?</strong></span> 
     </span>
     <span class='ocr_line' id='line_1_27' title="bbox 897 3014 2995 3101; baseline -0 -20"><span class='ocrx_word' id='word_1_160' title='bbox 897 3018 1072 3083; x_wconf 89' lang='lat' dir='ltr'><strong>Nam</strong></span> <span class='ocrx_word' id='word_1_161' title='bbox 1119 3018 1293 3083; x_wconf 89' lang='lat' dir='ltr'><strong>sicut</strong></span> <span class='ocrx_word' id='word_1_162' title='bbox 1338 3016 1480 3081; x_wconf 88' lang='lat' dir='ltr'><strong>sine</strong></span> <span class='ocrx_word' id='word_1_163' title='bbox 1526 3015 1847 3101; x_wconf 84' lang='lat' dir='ltr'><strong>exemplo,</strong></span> <span class='ocrx_word' id='word_1_164' title='bbox 1894 3014 1993 3079; x_wconf 87' lang='lat' dir='ltr'><strong>ita</strong></span> <span class='ocrx_word' id='word_1_165' title='bbox 2038 3018 2107 3077; x_wconf 89' lang='lat' dir='ltr'><strong>et</strong></span> <span class='ocrx_word' id='word_1_166' title='bbox 2150 3014 2291 3078; x_wconf 88' lang='lat' dir='ltr'><strong>sine</strong></span> <span class='ocrx_word' id='word_1_167' title='bbox 2338 3014 2594 3092; x_wconf 83' lang='lat' dir='ltr'><strong>meritc,</strong></span> <span class='ocrx_word' id='word_1_168' title='bbox 2638 3014 2815 3081; x_wconf 83' lang='lat' dir='ltr'><strong>sacta</strong></span> <span class='ocrx_word' id='word_1_169' title='bbox 2876 3020 2995 3096; x_wconf 89' lang='lat' dir='ltr'><strong>est,</strong></span> 
     </span>
     <span class='ocr_line' id='line_1_28' title="bbox 905 3115 2997 3204; baseline -0.001 -20"><span class='ocrx_word' id='word_1_170' title='bbox 905 3125 973 3184; x_wconf 90' lang='lat' dir='ltr'><strong>et</strong></span> <span class='ocrx_word' id='word_1_171' title='bbox 1007 3124 1141 3183; x_wconf 89' lang='lat' dir='ltr'><strong>tam</strong></span> <span class='ocrx_word' id='word_1_172' title='bbox 1190 3118 1288 3182; x_wconf 89' lang='lat' dir='ltr'><strong>illi</strong></span> <span class='ocrx_word' id='word_1_173' title='bbox 1335 3138 1534 3204; x_wconf 90' lang='lat' dir='ltr'><strong>quam</strong></span> <span class='ocrx_word' id='word_1_174' title='bbox 1558 3115 1706 3181; x_wconf 86' lang='lat' dir='ltr'><strong>aliis</strong></span> <span class='ocrx_word' id='word_1_175' title='bbox 1751 3115 2182 3203; x_wconf 79' lang='lat' dir='ltr'><strong>principibuS,</strong></span> <span class='ocrx_word' id='word_1_176' title='bbox 2228 3119 2298 3179; x_wconf 87' lang='lat' dir='ltr'><strong>et</strong></span> <span class='ocrx_word' id='word_1_177' title='bbox 2328 3120 2556 3179; x_wconf 89' lang='lat' dir='ltr'><strong>vestro</strong></span> <span class='ocrx_word' id='word_1_178' title='bbox 2587 3120 2883 3202; x_wconf 90' lang='lat' dir='ltr'><strong>tempore</strong></span> <span class='ocrx_word' id='word_1_179' title='bbox 2929 3123 2997 3181; x_wconf 88' lang='lat' dir='ltr'><strong>et</strong></span> 
     </span>
     <span class='ocr_line' id='line_1_29' title="bbox 895 3216 2995 3307; baseline -0.002 -20"><span class='ocrx_word' id='word_1_180' title='bbox 895 3228 1046 3307; x_wconf 88' lang='lat' dir='ltr'><strong>post</strong></span> <span class='ocrx_word' id='word_1_181' title='bbox 1121 3223 1260 3288; x_wconf 89' lang='lat' dir='ltr'><strong>dies</strong></span> <span class='ocrx_word' id='word_1_182' title='bbox 1337 3224 1611 3297; x_wconf 79' lang='lat' dir='ltr'><strong>vestrOS,</strong></span> <span class='ocrx_word' id='word_1_183' title='bbox 1710 3217 2035 3304; x_wconf 87' lang='lat' dir='ltr'><strong>praebebit</strong></span> <span class='ocrx_word' id='word_1_184' title='bbox 2126 3216 2473 3283; x_wconf 87' lang='lat' dir='ltr'><strong>audaciam</strong></span> <span class='ocrx_word' id='word_1_185' title='bbox 2570 3220 2995 3285; x_wconf 87' lang='lat' dir='ltr'><strong>conculcandi</strong></span> 
     </span>
     <span class='ocr_line' id='line_1_30' title="bbox 895 3318 2995 3410; baseline -0.002 -21"><span class='ocrx_word' id='word_1_186' title='bbox 895 3324 1213 3401; x_wconf 87' lang='lat' dir='ltr'><strong>ecclesias,</strong></span> <span class='ocrx_word' id='word_1_187' title='bbox 1278 3320 1727 3410; x_wconf 83' lang='lat' dir='ltr'><strong>proscribendi</strong></span> <span class='ocrx_word' id='word_1_188' title='bbox 1790 3320 2189 3397; x_wconf 70' lang='lat' dir='ltr'><strong>innocenteS,</strong></span> <span class='ocrx_word' id='word_1_189' title='bbox 2257 3318 2698 3385; x_wconf 89' lang='lat' dir='ltr'><strong>denuntiandi</strong></span> <span class='ocrx_word' id='word_1_190' title='bbox 2774 3322 2995 3387; x_wconf 89' lang='lat' dir='ltr'><strong>inimi-</strong></span> 
     </span>
     <span class='ocr_line' id='line_1_31' title="bbox 892 3420 2992 3501; baseline -0.003 -8"><span class='ocrx_word' id='word_1_191' title='bbox 892 3428 1084 3493; x_wconf 88' lang='lat' dir='ltr'><strong>citias</strong></span> <span class='ocrx_word' id='word_1_192' title='bbox 1130 3426 1416 3493; x_wconf 71' lang='lat' dir='ltr'><strong>ecclesiae</strong></span> <span class='ocrx_word' id='word_1_193' title='bbox 1463 3424 1796 3501; x_wconf 84' lang='lat' dir='ltr'><strong>Romanae,</strong></span> <span class='ocrx_word' id='word_1_194' title='bbox 1844 3421 1973 3485; x_wconf 85' lang='lat' dir='ltr'><strong>nisi</strong></span> <span class='ocrx_word' id='word_1_195' title='bbox 2043 3420 2455 3486; x_wconf 89' lang='lat' dir='ltr'><strong>connivendo</strong></span> <span class='ocrx_word' id='word_1_196' title='bbox 2520 3422 2628 3487; x_wconf 86' lang='lat' dir='ltr'><strong>vel</strong></span> <span class='ocrx_word' id='word_1_197' title='bbox 2690 3422 2992 3487; x_wconf 84' lang='lat' dir='ltr'><strong>dissimu-</strong></span> 
     </span>
     <span class='ocr_line' id='line_1_32' title="bbox 893 3524 2996 3612; baseline -0.002 -16"><span class='ocrx_word' id='word_1_198' title='bbox 893 3532 1092 3596; x_wconf 88' lang='lat' dir='ltr'><strong>lando</strong></span> <span class='ocrx_word' id='word_1_199' title='bbox 1169 3528 1607 3595; x_wconf 88' lang='lat' dir='ltr'><strong>communicet</strong></span> <span class='ocrx_word' id='word_1_200' title='bbox 1669 3531 1739 3590; x_wconf 88' lang='lat' dir='ltr'><strong>et</strong></span> <span class='ocrx_word' id='word_1_201' title='bbox 1804 3524 2269 3590; x_wconf 86' lang='lat' dir='ltr'><strong>auctoritatem</strong></span> <span class='ocrx_word' id='word_1_202' title='bbox 2339 3529 2610 3610; x_wconf 86' lang='lat' dir='ltr'><strong>praestet</strong></span> <span class='ocrx_word' id='word_1_203' title='bbox 2682 3526 2996 3612; x_wconf 86' lang='lat' dir='ltr'><strong>iniquita-</strong></span> 
     </span>
     <span class='ocr_line' id='line_1_33' title="bbox 896 3625 2992 3713; baseline -0.002 -15"><span class='ocrx_word' id='word_1_204' title='bbox 896 3636 1076 3699; x_wconf 86' lang='lat' dir='ltr'><strong>tibus</strong></span> <span class='ocrx_word' id='word_1_205' title='bbox 1123 3654 1364 3698; x_wconf 89' lang='lat' dir='ltr'><strong>eorum.</strong></span> <span class='ocrx_word' id='word_1_206' title='bbox 1457 3629 1622 3695; x_wconf 89' lang='lat' dir='ltr'><strong>Ecce</strong></span> <span class='ocrx_word' id='word_1_207' title='bbox 1653 3628 1832 3693; x_wconf 86' lang='lat' dir='ltr'><strong>enim</strong></span> <span class='ocrx_word' id='word_1_208' title='bbox 1856 3625 1881 3664; x_wconf 79' lang='lat'><strong>³</strong></span> <span class='ocrx_word' id='word_1_209' title='bbox 1927 3649 2063 3713; x_wconf 84' lang='lat' dir='ltr'><strong>prae</strong></span> <span class='ocrx_word' id='word_1_210' title='bbox 2108 3625 2415 3692; x_wconf 89' lang='lat' dir='ltr'><strong>manibus</strong></span> <span class='ocrx_word' id='word_1_211' title='bbox 2464 3626 2713 3693; x_wconf 85' lang='lat' dir='ltr'><strong>habent</strong></span> <span class='ocrx_word' id='word_1_212' title='bbox 2758 3634 2992 3693; x_wconf 83' lang='lat' dir='ltr'><strong>vestrae</strong></span> 
     </span>
     <span class='ocr_line' id='line_1_34' title="bbox 893 3729 2991 3823; baseline -0.003 -22"><span class='ocrx_word' id='word_1_213' title='bbox 893 3733 1402 3823; x_wconf 86' lang='lat' dir='ltr'><strong>dispensationis</strong></span> <span class='ocrx_word' id='word_1_214' title='bbox 1471 3731 1866 3817; x_wconf 83' lang='lat' dir='ltr'><strong>exemplum,</strong></span> <span class='ocrx_word' id='word_1_215' title='bbox 1931 3750 2051 3795; x_wconf 90' lang='lat' dir='ltr'><strong>nec</strong></span> <span class='ocrx_word' id='word_1_216' title='bbox 2122 3729 2398 3794; x_wconf 89' lang='lat' dir='ltr'><strong>dubium</strong></span> <span class='ocrx_word' id='word_1_217' title='bbox 2463 3736 2565 3794; x_wconf 92' lang='lat' dir='ltr'><strong>est</strong></span> <span class='ocrx_word' id='word_1_218' title='bbox 2628 3730 2807 3815; x_wconf 87' lang='lat' dir='ltr'><strong>quin,</strong></span> <span class='ocrx_word' id='word_1_219' title='bbox 2854 3736 2991 3795; x_wconf 89' lang='lat' dir='ltr'><strong>tam</strong></span> 
     </span>
     <span class='ocr_line' id='line_1_35' title="bbox 895 3830 2995 3923; baseline -0.003 -20"><span class='ocrx_word' id='word_1_220' title='bbox 895 3839 978 3903; x_wconf 85' lang='lat' dir='ltr'><strong>ab</strong></span> <span class='ocrx_word' id='word_1_221' title='bbox 1042 3838 1186 3923; x_wconf 88' lang='lat' dir='ltr'><strong>ipso</strong></span> <span class='ocrx_word' id='word_1_222' title='bbox 1255 3856 1454 3923; x_wconf 89' lang='lat' dir='ltr'><strong>quam</strong></span> <span class='ocrx_word' id='word_1_223' title='bbox 1518 3856 1560 3901; x_wconf 89' lang='lat' dir='ltr'><strong>a</strong></span> <span class='ocrx_word' id='word_1_224' title='bbox 1633 3834 1915 3919; x_wconf 88' lang='lat' dir='ltr'><strong>posteris</strong></span> <span class='ocrx_word' id='word_1_225' title='bbox 1991 3832 2149 3919; x_wconf 78' lang='lat' dir='ltr'><strong>ejuS,</strong></span> <span class='ocrx_word' id='word_1_226' title='bbox 2216 3831 2344 3895; x_wconf 89' lang='lat' dir='ltr'><strong>nisi</strong></span> <span class='ocrx_word' id='word_1_227' title='bbox 2424 3830 2621 3897; x_wconf 87' lang='lat' dir='ltr'><strong>citius</strong></span> <span class='ocrx_word' id='word_1_228' title='bbox 2696 3838 2995 3897; x_wconf 87' lang='lat' dir='ltr'><strong>occurrat</strong></span> 
     </span>
     <span class='ocr_line' id='line_1_36' title="bbox 895 3934 2992 4021; baseline -0.005 -12"><span class='ocrx_word' id='word_1_229' title='bbox 895 3945 1171 4009; x_wconf 83' lang='lat' dir='ltr'><strong>dextera</strong></span> <span class='ocrx_word' id='word_1_230' title='bbox 1233 3943 1474 4017; x_wconf 89' lang='lat' dir='ltr'><strong>vestra,</strong></span> <span class='ocrx_word' id='word_1_231' title='bbox 1536 3936 1844 4002; x_wconf 87' lang='lat' dir='ltr'><strong>trahatur</strong></span> <span class='ocrx_word' id='word_1_232' title='bbox 1905 3936 1991 4000; x_wconf 88' lang='lat' dir='ltr'><strong>ad</strong></span> <span class='ocrx_word' id='word_1_233' title='bbox 2060 3934 2615 4019; x_wconf 87' lang='lat' dir='ltr'><strong>consequentiam,</strong></span> <span class='ocrx_word' id='word_1_234' title='bbox 2678 3938 2745 3999; x_wconf 90' lang='lat' dir='ltr'><strong>et</strong></span> <span class='ocrx_word' id='word_1_235' title='bbox 2806 3936 2992 4021; x_wconf 89' lang='lat' dir='ltr'><strong>quasi</strong></span> 
     </span>
     <span class='ocr_line' id='line_1_37' title="bbox 893 4037 2995 4131; baseline -0.003 -22"><span class='ocrx_word' id='word_1_236' title='bbox 893 4046 966 4109; x_wconf 90' lang='lat' dir='ltr'><strong>in</strong></span> <span class='ocrx_word' id='word_1_237' title='bbox 997 4050 1003 4057; x_wconf 83' lang='lat'><em>&#39;</em></span> <span class='ocrx_word' id='word_1_238' title='bbox 1033 4042 1454 4131; x_wconf 87' lang='lat' dir='ltr'><strong>privilegium</strong></span> <span class='ocrx_word' id='word_1_239' title='bbox 1518 4040 1872 4126; x_wconf 85' lang='lat' dir='ltr'><strong>redigatur,</strong></span> <span class='ocrx_word' id='word_1_240' title='bbox 1939 4043 2018 4103; x_wconf 92' lang='lat' dir='ltr'><strong>ut</strong></span> <span class='ocrx_word' id='word_1_241' title='bbox 2092 4058 2211 4123; x_wconf 86' lang='lat' dir='ltr'><strong>pro</strong></span> <span class='ocrx_word' id='word_1_242' title='bbox 2278 4056 2688 4123; x_wconf 88' lang='lat' dir='ltr'><strong>quocumque</strong></span> <span class='ocrx_word' id='word_1_243' title='bbox 2755 4037 2995 4103; x_wconf 88' lang='lat' dir='ltr'><strong>scelere</strong></span> 
     </span>
     <span class='ocr_line' id='line_1_38' title="bbox 892 4142 2991 4235; baseline -0.004 -19"><span class='ocrx_word' id='word_1_244' title='bbox 892 4173 1013 4216; x_wconf 88' lang='lat' dir='ltr'><strong>nec</strong></span> <span class='ocrx_word' id='word_1_245' title='bbox 1075 4152 1150 4215; x_wconf 92' lang='lat' dir='ltr'><strong>in</strong></span> <span class='ocrx_word' id='word_1_246' title='bbox 1211 4170 1445 4235; x_wconf 88' lang='lat' dir='ltr'><strong>regem,</strong></span> <span class='ocrx_word' id='word_1_247' title='bbox 1493 4167 1614 4213; x_wconf 92' lang='lat' dir='ltr'><strong>nec</strong></span> <span class='ocrx_word' id='word_1_248' title='bbox 1682 4146 1750 4207; x_wconf 93' lang='lat' dir='ltr'><strong>in</strong></span> <span class='ocrx_word' id='word_1_249' title='bbox 1804 4164 2115 4231; x_wconf 88' lang='lat' dir='ltr'><strong>personas</strong></span> <span class='ocrx_word' id='word_1_250' title='bbox 2183 4144 2389 4229; x_wconf 86' lang='lat' dir='ltr'><strong>regni,</strong></span> <span class='ocrx_word' id='word_1_251' title='bbox 2436 4163 2557 4209; x_wconf 90' lang='lat' dir='ltr'><strong>nec</strong></span> <span class='ocrx_word' id='word_1_252' title='bbox 2617 4142 2690 4206; x_wconf 88' lang='lat' dir='ltr'><strong>in</strong></span> <span class='ocrx_word' id='word_1_253' title='bbox 2750 4148 2991 4207; x_wconf 85' lang='lat' dir='ltr'><strong>terram</strong></span> 
     </span>
     <span class='ocr_line' id='line_1_39' title="bbox 891 4243 2994 4319; baseline -0.004 -3"><span class='ocrx_word' id='word_1_254' title='bbox 891 4253 1088 4319; x_wconf 88' lang='lat' dir='ltr'><strong>liceat</strong></span> <span class='ocrx_word' id='word_1_255' title='bbox 1109 4250 1138 4289; x_wconf 74' lang='lat'><em>4</em></span> <span class='ocrx_word' id='word_1_256' title='bbox 1195 4246 1891 4317; x_wconf 83' lang='lat' dir='ltr'><strong>excommunicationis</strong></span> <span class='ocrx_word' id='word_1_257' title='bbox 1940 4249 2061 4311; x_wconf 89' lang='lat' dir='ltr'><strong>aut</strong></span> <span class='ocrx_word' id='word_1_258' title='bbox 2124 4243 2465 4309; x_wconf 89' lang='lat' dir='ltr'><strong>interdicti</strong></span> <span class='ocrx_word' id='word_1_259' title='bbox 2526 4244 2669 4309; x_wconf 87' lang='lat' dir='ltr'><strong>sine</strong></span> <span class='ocrx_word' id='word_1_260' title='bbox 2712 4244 2994 4310; x_wconf 89' lang='lat' dir='ltr'><strong>auctori-</strong></span> 
     </span>
     <span class='ocr_line' id='line_1_40' title="bbox 894 4345 2995 4438; baseline -0.004 -18"><span class='ocrx_word' id='word_1_261' title='bbox 894 4360 1034 4421; x_wconf 85' lang='lat' dir='ltr'><strong>tate</strong></span> <span class='ocrx_word' id='word_1_262' title='bbox 1081 4353 1255 4418; x_wconf 90' lang='lat' dir='ltr'><strong>sedis</strong></span> <span class='ocrx_word' id='word_1_263' title='bbox 1299 4349 1677 4438; x_wconf 83' lang='lat' dir='ltr'><strong>apostolicae</strong></span> <span class='ocrx_word' id='word_1_264' title='bbox 1738 4346 2156 4434; x_wconf 87' lang='lat' dir='ltr'><strong>promulgare</strong></span> <span class='ocrx_word' id='word_1_265' title='bbox 2206 4346 2622 4413; x_wconf 87' lang='lat' dir='ltr'><strong>sententiam.</strong></span> <span class='ocrx_word' id='word_1_266' title='bbox 2715 4345 2805 4410; x_wconf 90' lang='lat' dir='ltr'><strong>Et</strong></span> <span class='ocrx_word' id='word_1_267' title='bbox 2848 4367 2995 4432; x_wconf 52' lang='lat' dir='ltr'><strong>pror</strong></span> 
     </span>
    </p>
   </div>
   <div class='ocr_carea' id='block_1_6' title="bbox 1338 4526 1964 4536">
    <p class='ocr_par' dir='ltr' id='par_1_6' title="bbox 1338 4526 1964 4536">
     <span class='ocr_line' id='line_1_41' title="bbox 1338 4526 1964 4536; baseline -0.006 0"><span class='ocrx_word' id='word_1_268' title='bbox 1338 4532 1355 4536; x_wconf 81' lang='grc'><strong>-</strong></span> <span class='ocrx_word' id='word_1_269' title='bbox 1366 4530 1415 4535; x_wconf 47' lang='lat' dir='ltr'><strong>-a-</strong></span> <span class='ocrx_word' id='word_1_270' title='bbox 1426 4530 1445 4535; x_wconf 83' lang='lat'>-</span> <span class='ocrx_word' id='word_1_271' title='bbox 1460 4526 1964 4535; x_wconf 74' lang='lat'>-—-———-—.——-</span> 
     </span>
    </p>
   </div>
   <div class='ocr_carea' id='block_1_7' title="bbox 1971 4526 2118 4533">
    <p class='ocr_par' dir='ltr' id='par_1_7' title="bbox 1971 4526 2118 4533">
     <span class='ocr_line' id='line_1_42' title="bbox 1971 4526 2118 4533; baseline 0 1267"><span class='ocrx_word' id='word_1_272' title='bbox 1971 4526 2118 4533; x_wconf 95' lang='lat' dir='ltr'><strong> </strong></span> 
     </span>
    </p>
   </div>
   <div class='ocr_carea' id='block_1_8' title="bbox 960 4526 2995 4543">
    <p class='ocr_par' dir='ltr' id='par_1_8' title="bbox 960 4526 2995 4543">
     <span class='ocr_line' id='line_1_43' title="bbox 960 4526 2995 4543; baseline -0.001 -8"><span class='ocrx_word' id='word_1_273' title='bbox 960 4536 1031 4543; x_wconf 65' lang='lat'><strong>--</strong></span> <span class='ocrx_word' id='word_1_274' title='bbox 1112 4534 1211 4541; x_wconf 61' lang='lat'><strong>,——</strong></span> <span class='ocrx_word' id='word_1_275' title='bbox 2475 4526 2650 4531; x_wconf 81' lang='lat'><strong>——————</strong></span> <span class='ocrx_word' id='word_1_276' title='bbox 2665 4526 2995 4535; x_wconf 63' lang='lat'><strong>———·-———</strong></span> 
     </span>
    </p>
   </div>
   <div class='ocr_carea' id='block_1_9' title="bbox 893 4621 2595 4841">
    <p class='ocr_par' dir='ltr' id='par_1_9' title="bbox 893 4621 2595 4841">
     <span class='ocr_line' id='line_1_44' title="bbox 959 4621 2595 4689; baseline -0.006 -9"><span class='ocrx_word' id='word_1_277' title='bbox 959 4634 976 4666; x_wconf 85' lang='lat'>¹</span> <span class='ocrx_word' id='word_1_278' title='bbox 1014 4628 1311 4689; x_wconf 75' lang='lat' dir='ltr'><strong>dilectionis,</strong></span> <span class='ocrx_word' id='word_1_279' title='bbox 1333 4628 1404 4676; x_wconf 88' lang='lat' dir='ltr'><strong>A.</strong></span> <span class='ocrx_word' id='word_1_280' title='bbox 2063 4621 2086 4653; x_wconf 79' lang='lat'>³</span> <span class='ocrx_word' id='word_1_281' title='bbox 2118 4622 2262 4683; x_wconf 76' lang='lat' dir='ltr'><strong>enim,</strong></span> <span class='ocrx_word' id='word_1_282' title='bbox 2287 4623 2377 4681; x_wconf 85' lang='lat' dir='ltr'><strong>A;</strong></span> <span class='ocrx_word' id='word_1_283' title='bbox 2412 4636 2511 4671; x_wconf 90' lang='lat' dir='ltr'><strong>om.</strong></span> <span class='ocrx_word' id='word_1_284' title='bbox 2536 4621 2595 4671; x_wconf 91' lang='lat' dir='ltr'><strong>L.</strong></span> 
     </span>
     <span class='ocr_line' id='line_1_45' title="bbox 959 4700 2431 4769; baseline -0.006 -9"><span class='ocrx_word' id='word_1_285' title='bbox 959 4712 980 4743; x_wconf 79' lang='lat'>2</span> <span class='ocrx_word' id='word_1_286' title='bbox 1012 4709 1264 4769; x_wconf 72' lang='lat' dir='ltr'><strong>ecclesias,</strong></span> <span class='ocrx_word' id='word_1_287' title='bbox 1299 4712 1367 4766; x_wconf 82' lang='lat' dir='ltr'><strong>A,</strong></span> <span class='ocrx_word' id='word_1_288' title='bbox 1405 4708 1471 4765; x_wconf 90' lang='lat' dir='ltr'><strong>O,</strong></span> <span class='ocrx_word' id='word_1_289' title='bbox 1507 4706 1577 4765; x_wconf 72' lang='lat'><strong>23</strong></span> <span class='ocrx_word' id='word_1_290' title='bbox 1624 4702 1895 4763; x_wconf 70' lang='lat' dir='ltr'><strong>ecclesim,</strong></span> <span class='ocrx_word' id='word_1_291' title='bbox 2064 4702 2086 4733; x_wconf 88' lang='lat'><strong>⁴</strong></span> <span class='ocrx_word' id='word_1_292' title='bbox 2120 4701 2249 4762; x_wconf 80' lang='lat' dir='ltr'><strong>licet,</strong></span> <span class='ocrx_word' id='word_1_293' title='bbox 2274 4702 2344 4759; x_wconf 88' lang='lat' dir='ltr'><strong>V,</strong></span> <span class='ocrx_word' id='word_1_294' title='bbox 2369 4700 2431 4751; x_wconf 92' lang='grc' dir='ltr'><strong>Ο.</strong></span> 
     </span>
     <span class='ocr_line' id='line_1_46' title="bbox 893 4792 952 4841; baseline -0.017 0"><span class='ocrx_word' id='word_1_295' title='bbox 893 4792 952 4841; x_wconf 81' lang='lat' dir='ltr'><strong>L.</strong></span> 
     </span>
    </p>
   </div>
  </div>
 </body>
</html>
