<?xml version="1.0" encoding="UTF-8"?>
<!DOCTYPE html PUBLIC "-//W3C//DTD XHTML 1.0 Transitional//EN"
    "http://www.w3.org/TR/xhtml1/DTD/xhtml1-transitional.dtd">
<html xmlns="http://www.w3.org/1999/xhtml" xml:lang="en" lang="en">
 <head>
  <title>
</title>
<meta http-equiv="Content-Type" content="text/html;charset=utf-8" />
  <meta name='ocr-system' content='tesseract 3.04.00' />
  <meta name='ocr-capabilities' content='ocr_page ocr_carea ocr_par ocr_line ocrx_word'/>
</head>
<body>
  <div class='ocr_page' id='page_1' title='image "./materialsforhis00herbgoog_0343.png"; bbox 0 0 3634 5800; ppageno 0'>
   <div class='ocr_carea' id='block_1_1' title="bbox 578 4342 838 4410">
    <p class='ocr_par' dir='ltr' id='par_1_1' title="bbox 578 4342 838 4410">
     <span class='ocr_line' id='line_1_1' title="bbox 578 4342 838 4410; baseline 0.008 -20"><span class='ocrx_word' id='word_1_1' title='bbox 578 4342 838 4410; x_wconf 81' lang='lat' dir='ltr'><strong>Advising</strong></span> 
     </span>
    </p>
   </div>
   <div class='ocr_carea' id='block_1_2' title="bbox 934 861 3049 950">
    <p class='ocr_par' dir='ltr' id='par_1_2' title="bbox 934 861 3049 950">
     <span class='ocr_line' id='line_1_2' title="bbox 934 861 3049 950; baseline 0.004 -26"><span class='ocrx_word' id='word_1_2' title='bbox 934 861 1067 924; x_wconf 87' lang='grc'><strong>318</strong></span> <span class='ocrx_word' id='word_1_3' title='bbox 1814 877 2174 930; x_wconf 71' lang='lat' dir='ltr'><strong>mus-roms.</strong></span> <span class='ocrx_word' id='word_1_4' title='bbox 2656 866 2815 950; x_wconf 65' lang='lat' dir='ltr'><strong>[Am.</strong></span> <span class='ocrx_word' id='word_1_5' title='bbox 2853 866 3049 936; x_wconf 85' lang='lat'><strong>1170.</strong></span> 
     </span>
    </p>
   </div>
   <div class='ocr_carea' id='block_1_3' title="bbox 926 1057 3080 3469">
    <p class='ocr_par' dir='ltr' id='par_1_3' title="bbox 926 1057 3080 3469">
     <span class='ocr_line' id='line_1_3' title="bbox 936 1057 3046 1147; baseline 0.005 -25"><span class='ocrx_word' id='word_1_6' title='bbox 936 1057 1197 1124; x_wconf 88' lang='lat' dir='ltr'><strong>Humez</strong></span> <span class='ocrx_word' id='word_1_7' title='bbox 1270 1060 1581 1126; x_wconf 83' lang='lat' dir='ltr'><strong>convenit</strong></span> <span class='ocrx_word' id='word_1_8' title='bbox 1652 1062 1811 1147; x_wconf 85' lang='lat' dir='ltr'><strong>ipse,</strong></span> <span class='ocrx_word' id='word_1_9' title='bbox 1887 1068 1967 1128; x_wconf 89' lang='lat' dir='ltr'><strong>ut</strong></span> <span class='ocrx_word' id='word_1_10' title='bbox 2039 1084 2243 1129; x_wconf 83' lang='lat' dir='ltr'><strong>naves</strong></span> <span class='ocrx_word' id='word_1_11' title='bbox 2311 1065 2660 1142; x_wconf 72' lang='lat' dir='ltr'><strong>solverent,</strong></span> <span class='ocrx_word' id='word_1_12' title='bbox 2727 1071 2799 1131; x_wconf 87' lang='lat' dir='ltr'><strong>et</strong></span> <span class='ocrx_word' id='word_1_13' title='bbox 2867 1066 3046 1132; x_wconf 84' lang='lat' dir='ltr'><strong>viam</strong></span> 
     </span>
     <span class='ocr_line' id='line_1_4' title="bbox 934 1161 3049 1248; baseline 0.004 -24"><span class='ocrx_word' id='word_1_14' title='bbox 934 1161 1137 1226; x_wconf 86' lang='lat' dir='ltr'><strong>maris</strong></span> <span class='ocrx_word' id='word_1_15' title='bbox 1180 1162 1307 1227; x_wconf 88' lang='lat' dir='ltr'><strong>sibi</strong></span> <span class='ocrx_word' id='word_1_16' title='bbox 1354 1162 1701 1248; x_wconf 88' lang='lat' dir='ltr'><strong>aperirent,</strong></span> <span class='ocrx_word' id='word_1_17' title='bbox 1747 1184 1948 1248; x_wconf 87' lang='lat' dir='ltr'><strong>quam</strong></span> <span class='ocrx_word' id='word_1_18' title='bbox 1989 1185 2127 1231; x_wconf 88' lang='lat' dir='ltr'><strong>non</strong></span> <span class='ocrx_word' id='word_1_19' title='bbox 2156 1164 2368 1231; x_wconf 86' lang='lat' dir='ltr'><strong>solum</strong></span> <span class='ocrx_word' id='word_1_20' title='bbox 2414 1167 2495 1243; x_wconf 88' lang='lat' dir='ltr'><strong>ei,</strong></span> <span class='ocrx_word' id='word_1_21' title='bbox 2537 1167 2654 1232; x_wconf 85' lang='lat' dir='ltr'><strong>sed</strong></span> <span class='ocrx_word' id='word_1_22' title='bbox 2671 1165 2694 1207; x_wconf 88' lang='lat'>¹</span> <span class='ocrx_word' id='word_1_23' title='bbox 2741 1167 3049 1232; x_wconf 81' lang='lat' dir='ltr'><strong>omnibus</strong></span> 
     </span>
     <span class='ocr_line' id='line_1_5' title="bbox 946 1263 3038 1353; baseline 0.003 -25"><span class='ocrx_word' id='word_1_24' title='bbox 946 1268 1213 1349; x_wconf 87' lang='lat' dir='ltr'><strong>propter</strong></span> <span class='ocrx_word' id='word_1_25' title='bbox 1256 1285 1425 1342; x_wconf 89' lang='lat' dir='ltr'><strong>eum,</strong></span> <span class='ocrx_word' id='word_1_26' title='bbox 1472 1263 1760 1330; x_wconf 78' lang='lat' dir='ltr'><strong>fecerant</strong></span> <span class='ocrx_word' id='word_1_27' title='bbox 1803 1265 2109 1332; x_wconf 86' lang='lat' dir='ltr'><strong>inhiberi.</strong></span> <span class='ocrx_word' id='word_1_28' title='bbox 2207 1266 2348 1353; x_wconf 87' lang='lat' dir='ltr'><strong>Ipsi</strong></span> <span class='ocrx_word' id='word_1_29' title='bbox 2377 1273 2602 1333; x_wconf 88' lang='lat' dir='ltr'><strong>autem</strong></span> <span class='ocrx_word' id='word_1_30' title='bbox 2664 1269 3038 1334; x_wconf 85' lang='lat' dir='ltr'><strong>noluerunt.</strong></span> 
     </span>
     <span class='ocr_line' id='line_1_6' title="bbox 940 1364 3080 1456; baseline 0.002 -29"><span class='ocrx_word' id='word_1_31' title='bbox 940 1364 1005 1427; x_wconf 92' lang='lat' dir='ltr'>A</span> <span class='ocrx_word' id='word_1_32' title='bbox 1068 1364 1419 1430; x_wconf 81' lang='lat' dir='ltr'><strong>manifesto</strong></span> <span class='ocrx_word' id='word_1_33' title='bbox 1494 1365 1701 1450; x_wconf 83' lang='lat' dir='ltr'><strong>igitur</strong></span> <span class='ocrx_word' id='word_1_34' title='bbox 1776 1371 2160 1452; x_wconf 87' lang='lat' dir='ltr'><strong>contemptu</strong></span> <span class='ocrx_word' id='word_1_35' title='bbox 2224 1373 2294 1432; x_wconf 88' lang='lat' dir='ltr'><strong>et</strong></span> <span class='ocrx_word' id='word_1_36' title='bbox 2363 1368 2630 1433; x_wconf 86' lang='lat' dir='ltr'><strong>defectu</strong></span> <span class='ocrx_word' id='word_1_37' title='bbox 2699 1367 3080 1456; x_wconf 80' lang='lat' dir='ltr'><strong>episcopus.</strong></span> 
     </span>
     <span class='ocr_line' id='line_1_7' title="bbox 940 1465 3044 1558; baseline 0.002 -28"><span class='ocrx_word' id='word_1_38' title='bbox 940 1465 1178 1530; x_wconf 87' lang='lat' dir='ltr'><strong>debuit</strong></span> <span class='ocrx_word' id='word_1_39' title='bbox 1222 1465 1361 1530; x_wconf 88' lang='lat' dir='ltr'><strong>dies</strong></span> <span class='ocrx_word' id='word_1_40' title='bbox 1406 1472 1800 1553; x_wconf 82' lang='lat' dir='ltr'><strong>computare,</strong></span> <span class='ocrx_word' id='word_1_41' title='bbox 1849 1468 1965 1532; x_wconf 88' lang='lat' dir='ltr'><strong>sed</strong></span> <span class='ocrx_word' id='word_1_42' title='bbox 1983 1515 1988 1522; x_wconf 87' lang='lat'>-</span> <span class='ocrx_word' id='word_1_43' title='bbox 2008 1467 2240 1544; x_wconf 88' lang='lat' dir='ltr'><strong>noluit,</strong></span> <span class='ocrx_word' id='word_1_44' title='bbox 2303 1469 2506 1534; x_wconf 90' lang='lat' dir='ltr'><strong>immo</strong></span> <span class='ocrx_word' id='word_1_45' title='bbox 2525 1467 2551 1508; x_wconf 71' lang='lat'>2</span> <span class='ocrx_word' id='word_1_46' title='bbox 2602 1490 2752 1536; x_wconf 87' lang='lat' dir='ltr'><strong>cum</strong></span> <span class='ocrx_word' id='word_1_47' title='bbox 2813 1470 3044 1558; x_wconf 86' lang='lat' dir='ltr'><strong>regina</strong></span> 
     </span>
     <span class='ocr_line' id='line_1_8' title="bbox 940 1565 3042 1656; baseline 0.003 -26"><span class='ocrx_word' id='word_1_48' title='bbox 940 1565 1260 1632; x_wconf 79' lang='lat' dir='ltr'><strong>familiare</strong></span> <span class='ocrx_word' id='word_1_49' title='bbox 1324 1567 1719 1651; x_wconf 79' lang='lat' dir='ltr'><strong>colloquium</strong></span> <span class='ocrx_word' id='word_1_50' title='bbox 1785 1567 2038 1645; x_wconf 88' lang='lat' dir='ltr'><strong>habuit,</strong></span> <span class='ocrx_word' id='word_1_51' title='bbox 2103 1574 2172 1633; x_wconf 88' lang='lat' dir='ltr'><strong>et</strong></span> <span class='ocrx_word' id='word_1_52' title='bbox 2245 1569 2546 1635; x_wconf 85' lang='lat' dir='ltr'><strong>inducias</strong></span> <span class='ocrx_word' id='word_1_53' title='bbox 2619 1570 2806 1636; x_wconf 90' lang='lat' dir='ltr'><strong>dedit</strong></span> <span class='ocrx_word' id='word_1_54' title='bbox 2880 1592 3042 1656; x_wconf 84' lang='lat' dir='ltr'><strong>quas</strong></span> 
     </span>
     <span class='ocr_line' id='line_1_9' title="bbox 942 1669 3050 1757; baseline 0.003 -25"><span class='ocrx_word' id='word_1_55' title='bbox 942 1669 1061 1735; x_wconf 90' lang='lat' dir='ltr'><strong>illa</strong></span> <span class='ocrx_word' id='word_1_56' title='bbox 1088 1669 1347 1748; x_wconf 85' lang='lat' dir='ltr'><strong>voluit3</strong></span> <span class='ocrx_word' id='word_1_57' title='bbox 1391 1675 1623 1755; x_wconf 78' lang='lat' dir='ltr'><strong>utpote</strong></span> <span class='ocrx_word' id='word_1_58' title='bbox 1654 1669 1769 1756; x_wconf 89' lang='lat' dir='ltr'><strong>qui</strong></span> <span class='ocrx_word' id='word_1_59' title='bbox 1814 1671 1988 1756; x_wconf 87' lang='lat' dir='ltr'><strong>regis</strong></span> <span class='ocrx_word' id='word_1_60' title='bbox 2031 1670 2332 1757; x_wconf 85' lang='lat' dir='ltr'><strong>gratiam,</strong></span> <span class='ocrx_word' id='word_1_61' title='bbox 2369 1677 2438 1738; x_wconf 86' lang='lat' dir='ltr'><strong>et</strong></span> <span class='ocrx_word' id='word_1_62' title='bbox 2477 1671 2872 1740; x_wconf 81' lang='lat' dir='ltr'><strong>Senonensis</strong></span> <span class='ocrx_word' id='word_1_63' title='bbox 2897 1695 3050 1740; x_wconf 84' lang='lat' dir='ltr'><strong>eum</strong></span> 
     </span>
     <span class='ocr_line' id='line_1_10' title="bbox 938 1771 3046 1856; baseline 0.002 -22"><span class='ocrx_word' id='word_1_64' title='bbox 938 1791 1091 1856; x_wconf 88' lang='lat' dir='ltr'><strong>rege</strong></span> <span class='ocrx_word' id='word_1_65' title='bbox 1166 1790 1408 1855; x_wconf 86' lang='lat' dir='ltr'><strong>pacem,</strong></span> <span class='ocrx_word' id='word_1_66' title='bbox 1457 1771 1677 1855; x_wconf 87' lang='lat' dir='ltr'><strong>potius</strong></span> <span class='ocrx_word' id='word_1_67' title='bbox 1752 1790 1952 1855; x_wconf 88' lang='lat' dir='ltr'><strong>quam</strong></span> <span class='ocrx_word' id='word_1_68' title='bbox 2021 1777 2319 1837; x_wconf 81' lang='lat' dir='ltr'><strong>vestram</strong></span> <span class='ocrx_word' id='word_1_69' title='bbox 2398 1773 2646 1841; x_wconf 89' lang='lat' dir='ltr'><strong>dicitur</strong></span> <span class='ocrx_word' id='word_1_70' title='bbox 2721 1773 3046 1840; x_wconf 85' lang='lat' dir='ltr'><strong>affectare.</strong></span> 
     </span>
     <span class='ocr_line' id='line_1_11' title="bbox 933 1870 3048 1958; baseline 0.004 -25"><span class='ocrx_word' id='word_1_71' title='bbox 933 1870 1171 1936; x_wconf 90' lang='lat' dir='ltr'><strong>Videte</strong></span> <span class='ocrx_word' id='word_1_72' title='bbox 1216 1893 1370 1958; x_wconf 84' lang='lat' dir='ltr'><strong>ergo</strong></span> <span class='ocrx_word' id='word_1_73' title='bbox 1414 1892 1499 1935; x_wconf 90' lang='lat' dir='ltr'><strong>ne</strong></span> <span class='ocrx_word' id='word_1_74' title='bbox 1545 1871 1693 1957; x_wconf 85' lang='lat' dir='ltr'><strong>quis</strong></span> <span class='ocrx_word' id='word_1_75' title='bbox 1737 1893 1858 1937; x_wconf 87' lang='lat' dir='ltr'><strong>vos</strong></span> <span class='ocrx_word' id='word_1_76' title='bbox 1903 1874 2186 1950; x_wconf 87' lang='lat' dir='ltr'><strong>seducat,</strong></span> <span class='ocrx_word' id='word_1_77' title='bbox 2235 1896 2320 1939; x_wconf 90' lang='lat' dir='ltr'><strong>ne</strong></span> <span class='ocrx_word' id='word_1_78' title='bbox 2386 1875 2460 1939; x_wconf 90' lang='lat' dir='ltr'><strong>in</strong></span> <span class='ocrx_word' id='word_1_79' title='bbox 2519 1881 2733 1941; x_wconf 88' lang='lat' dir='ltr'><strong>morte</strong></span> <span class='ocrx_word' id='word_1_80' title='bbox 2780 1879 3002 1941; x_wconf 87' lang='lat' dir='ltr'><strong>vestra</strong></span> <span class='ocrx_word' id='word_1_81' title='bbox 3019 1873 3048 1914; x_wconf 76' lang='lat'>³</span> 
     </span>
     <span class='ocr_line' id='line_1_12' title="bbox 932 1974 3043 2062; baseline 0.002 -25"><span class='ocrx_word' id='word_1_82' title='bbox 932 1974 1215 2060; x_wconf 85' lang='lat' dir='ltr'><strong>gratiam</strong></span> <span class='ocrx_word' id='word_1_83' title='bbox 1290 1974 1838 2040; x_wconf 76' lang='lat' dir='ltr'><strong>reconciliationis</strong></span> <span class='ocrx_word' id='word_1_84' title='bbox 1932 1977 2284 2042; x_wconf 86' lang='lat' dir='ltr'><strong>inveniant</strong></span> <span class='ocrx_word' id='word_1_85' title='bbox 2360 1978 2476 2062; x_wconf 90' lang='lat' dir='ltr'><strong>qui</strong></span> <span class='ocrx_word' id='word_1_86' title='bbox 2555 1983 2713 2044; x_wconf 88' lang='lat' dir='ltr'><strong>sunt</strong></span> <span class='ocrx_word' id='word_1_87' title='bbox 2790 1977 3043 2044; x_wconf 88' lang='lat' dir='ltr'><strong>inimici</strong></span> 
     </span>
     <span class='ocr_line' id='line_1_13' title="bbox 933 2075 3046 2166; baseline 0.002 -25"><span class='ocrx_word' id='word_1_88' title='bbox 933 2075 1319 2142; x_wconf 83' lang='lat' dir='ltr'><strong>adinvicem.</strong></span> <span class='ocrx_word' id='word_1_89' title='bbox 1412 2075 1649 2143; x_wconf 89' lang='lat' dir='ltr'><strong>Videte</strong></span> <span class='ocrx_word' id='word_1_90' title='bbox 1695 2077 1898 2144; x_wconf 81' lang='lat' dir='ltr'><strong>etiam</strong></span> <span class='ocrx_word' id='word_1_91' title='bbox 1943 2078 2070 2166; x_wconf 62' lang='lat' dir='ltr'><strong>[cui</strong></span> <span class='ocrx_word' id='word_1_92' title='bbox 2116 2079 2394 2144; x_wconf 86' lang='lat' dir='ltr'><strong>verbum</strong></span> <span class='ocrx_word' id='word_1_93' title='bbox 2465 2085 2764 2146; x_wconf 85' lang='lat' dir='ltr'><strong>vestrum</strong></span> <span class='ocrx_word' id='word_1_94' title='bbox 2783 2079 2810 2118; x_wconf 82' lang='lat'><strong>⁴</strong></span> <span class='ocrx_word' id='word_1_95' title='bbox 2868 2101 3046 2148; x_wconf 86' lang='lat' dir='ltr'><strong>com-</strong></span> 
     </span>
     <span class='ocr_line' id='line_1_14' title="bbox 934 2177 3048 2259; baseline 0.003 -16"><span class='ocrx_word' id='word_1_96' title='bbox 934 2177 1249 2257; x_wconf 86' lang='lat' dir='ltr'><strong>misistis3</strong></span> <span class='ocrx_word' id='word_1_97' title='bbox 1308 2184 1379 2244; x_wconf 88' lang='lat' dir='ltr'><strong>et</strong></span> <span class='ocrx_word' id='word_1_98' title='bbox 1422 2179 1479 2243; x_wconf 88' lang='lat' dir='ltr'><strong>si</strong></span> <span class='ocrx_word' id='word_1_99' title='bbox 1523 2179 1713 2244; x_wconf 84' lang='lat' dir='ltr'><strong>vobis</strong></span> <span class='ocrx_word' id='word_1_100' title='bbox 1777 2180 1945 2245; x_wconf 88' lang='lat' dir='ltr'><strong>bene</strong></span> <span class='ocrx_word' id='word_1_101' title='bbox 1991 2181 2263 2248; x_wconf 87' lang='lat' dir='ltr'><strong>videtur</strong></span> <span class='ocrx_word' id='word_1_102' title='bbox 2306 2183 2386 2248; x_wconf 92' lang='lat' dir='ltr'><strong>de</strong></span> <span class='ocrx_word' id='word_1_103' title='bbox 2436 2182 2569 2259; x_wconf 85' lang='lat' dir='ltr'><strong>illo,</strong></span> <span class='ocrx_word' id='word_1_104' title='bbox 2615 2188 2790 2250; x_wconf 87' lang='lat' dir='ltr'><strong>certe</strong></span> <span class='ocrx_word' id='word_1_105' title='bbox 2853 2183 3048 2250; x_wconf 87' lang='lat' dir='ltr'><strong>aliter</strong></span> 
     </span>
     <span class='ocr_line' id='line_1_15' title="bbox 933 2280 3040 2370; baseline 0.005 -27"><span class='ocrx_word' id='word_1_106' title='bbox 933 2281 1124 2346; x_wconf 88' lang='lat' dir='ltr'><strong>vobis</strong></span> <span class='ocrx_word' id='word_1_107' title='bbox 1186 2280 1454 2346; x_wconf 87' lang='lat' dir='ltr'><strong>videtur</strong></span> <span class='ocrx_word' id='word_1_108' title='bbox 1519 2302 1719 2366; x_wconf 89' lang='lat' dir='ltr'><strong>quam</strong></span> <span class='ocrx_word' id='word_1_109' title='bbox 1788 2283 2094 2349; x_wconf 87' lang='lat' dir='ltr'><strong>omnibus</strong></span> <span class='ocrx_word' id='word_1_110' title='bbox 2161 2283 2312 2349; x_wconf 85' lang='lat' dir='ltr'><strong>aliis</strong></span> <span class='ocrx_word' id='word_1_111' title='bbox 2357 2285 2474 2370; x_wconf 88' lang='lat' dir='ltr'><strong>qui</strong></span> <span class='ocrx_word' id='word_1_112' title='bbox 2539 2285 2776 2352; x_wconf 85' lang='lat' dir='ltr'><strong>vident</strong></span> <span class='ocrx_word' id='word_1_113' title='bbox 2832 2285 3040 2353; x_wconf 84' lang='lat' dir='ltr'><strong>illum.</strong></span> 
     </span>
     <span class='ocr_line' id='line_1_16' title="bbox 943 2382 3046 2470; baseline 0.003 -22"><span class='ocrx_word' id='word_1_114' title='bbox 943 2382 1271 2450; x_wconf 82' lang='lat' dir='ltr'><strong>Praeterea</strong></span> <span class='ocrx_word' id='word_1_115' title='bbox 1322 2390 1666 2469; x_wconf 88' lang='lat' dir='ltr'><strong>properate</strong></span> <span class='ocrx_word' id='word_1_116' title='bbox 1712 2390 1780 2450; x_wconf 92' lang='lat' dir='ltr'><strong>et</strong></span> <span class='ocrx_word' id='word_1_117' title='bbox 1840 2385 2207 2470; x_wconf 82' lang='lat' dir='ltr'><strong>loquamini</strong></span> <span class='ocrx_word' id='word_1_118' title='bbox 2253 2408 2404 2452; x_wconf 88' lang='lat' dir='ltr'><strong>cum</strong></span> <span class='ocrx_word' id='word_1_119' title='bbox 2464 2387 2581 2453; x_wconf 90' lang='lat' dir='ltr'><strong>illo</strong></span> <span class='ocrx_word' id='word_1_120' title='bbox 2627 2387 3046 2467; x_wconf 82' lang='lat' dir='ltr'><strong>Nivernensi‚</strong></span> 
     </span>
     <span class='ocr_line' id='line_1_17' title="bbox 939 2482 3042 2562; baseline 0.003 -14"><span class='ocrx_word' id='word_1_121' title='bbox 939 2483 1239 2549; x_wconf 88' lang='lat' dir='ltr'><strong>adhibito</strong></span> <span class='ocrx_word' id='word_1_122' title='bbox 1286 2482 1666 2562; x_wconf 87' lang='lat' dir='ltr'><strong>Senonensi,</strong></span> <span class='ocrx_word' id='word_1_123' title='bbox 1713 2491 1795 2550; x_wconf 89' lang='lat' dir='ltr'><strong>ut</strong></span> <span class='ocrx_word' id='word_1_124' title='bbox 1837 2486 2066 2552; x_wconf 88' lang='lat' dir='ltr'><strong>statim</strong></span> <span class='ocrx_word' id='word_1_125' title='bbox 2112 2487 2392 2554; x_wconf 85' lang='lat' dir='ltr'><strong>verbum</strong></span> <span class='ocrx_word' id='word_1_126' title='bbox 2451 2488 2580 2554; x_wconf 88' lang='lat' dir='ltr'><strong>sibi</strong></span> <span class='ocrx_word' id='word_1_127' title='bbox 2621 2488 3042 2554; x_wconf 87' lang='lat' dir='ltr'><strong>commissum</strong></span> 
     </span>
     <span class='ocr_line' id='line_1_18' title="bbox 942 2585 3044 2675; baseline 0.002 -25"><span class='ocrx_word' id='word_1_128' title='bbox 942 2589 1339 2670; x_wconf 84' lang='lat' dir='ltr'><strong>exsequatur</strong></span> <span class='ocrx_word' id='word_1_129' title='bbox 1383 2585 1490 2650; x_wconf 89' lang='lat' dir='ltr'><strong>vel</strong></span> <span class='ocrx_word' id='word_1_130' title='bbox 1536 2586 1803 2651; x_wconf 88' lang='lat' dir='ltr'><strong>omnino</strong></span> <span class='ocrx_word' id='word_1_131' title='bbox 1869 2586 2208 2666; x_wconf 83' lang='lat' dir='ltr'><strong>dimittat3</strong></span> <span class='ocrx_word' id='word_1_132' title='bbox 2271 2610 2486 2675; x_wconf 77' lang='lat' dir='ltr'><strong>neque</strong></span> <span class='ocrx_word' id='word_1_133' title='bbox 2553 2609 2670 2674; x_wconf 86' lang='lat' dir='ltr'><strong>per</strong></span> <span class='ocrx_word' id='word_1_134' title='bbox 2711 2588 2779 2652; x_wconf 92' lang='lat' dir='ltr'>N</span> <span class='ocrx_word' id='word_1_135' title='bbox 2779 2609 3044 2654; x_wconf 87' lang='lat' dir='ltr'><strong>orman-</strong></span> 
     </span>
     <span class='ocr_line' id='line_1_19' title="bbox 932 2686 3037 2776; baseline 0.002 -24"><span class='ocrx_word' id='word_1_136' title='bbox 932 2687 1127 2764; x_wconf 89' lang='lat' dir='ltr'><strong>niam,</strong></span> <span class='ocrx_word' id='word_1_137' title='bbox 1176 2686 1379 2752; x_wconf 87' lang='lat' dir='ltr'><strong>immo</strong></span> <span class='ocrx_word' id='word_1_138' title='bbox 1446 2707 1564 2772; x_wconf 86' lang='lat' dir='ltr'><strong>per</strong></span> <span class='ocrx_word' id='word_1_139' title='bbox 1610 2687 1990 2756; x_wconf 80' lang='lat' dir='ltr'><strong>Flandriam</strong></span> <span class='ocrx_word' id='word_1_140' title='bbox 2061 2690 2190 2756; x_wconf 87' lang='lat' dir='ltr'><strong>iter</strong></span> <span class='ocrx_word' id='word_1_141' title='bbox 2245 2712 2444 2756; x_wconf 84' lang='lat' dir='ltr'><strong>suum</strong></span> <span class='ocrx_word' id='word_1_142' title='bbox 2509 2691 2830 2776; x_wconf 86' lang='lat' dir='ltr'><strong>disponat.</strong></span> <span class='ocrx_word' id='word_1_143' title='bbox 2923 2692 3037 2766; x_wconf 87' lang='lat' dir='ltr'><strong>In·</strong></span> 
     </span>
     <span class='ocr_line' id='line_1_20' title="bbox 932 2791 3042 2879; baseline 0.002 -23"><span class='ocrx_word' id='word_1_144' title='bbox 932 2791 1129 2856; x_wconf 86' lang='lat' dir='ltr'><strong>terim</strong></span> <span class='ocrx_word' id='word_1_145' title='bbox 1212 2794 1437 2856; x_wconf 85' lang='lat' dir='ltr'><strong>autem</strong></span> <span class='ocrx_word' id='word_1_146' title='bbox 1500 2791 1587 2855; x_wconf 84' lang='lat' dir='ltr'><strong>ad</strong></span> <span class='ocrx_word' id='word_1_147' title='bbox 1662 2791 1916 2856; x_wconf 82' lang='lat' dir='ltr'><strong>nullam</strong></span> <span class='ocrx_word' id='word_1_148' title='bbox 1991 2793 2392 2859; x_wconf 70' lang='lat' dir='ltr'><strong>sententiam</strong></span> <span class='ocrx_word' id='word_1_149' title='bbox 2458 2793 2846 2879; x_wconf 83' lang='lat' dir='ltr'><strong>procedatis,</strong></span> <span class='ocrx_word' id='word_1_150' title='bbox 2911 2796 3042 2860; x_wconf 87' lang='lat' dir='ltr'><strong>nisi</strong></span> 
     </span>
     <span class='ocr_line' id='line_1_21' title="bbox 926 2891 3036 2983; baseline 0.003 -26"><span class='ocrx_word' id='word_1_151' title='bbox 926 2891 1097 2959; x_wconf 84' lang='lat' dir='ltr'><strong>forte</strong></span> <span class='ocrx_word' id='word_1_152' title='bbox 1164 2914 1361 2979; x_wconf 87' lang='lat' dir='ltr'><strong>super</strong></span> <span class='ocrx_word' id='word_1_153' title='bbox 1436 2891 1908 2961; x_wconf 84' lang='lat' dir='ltr'><strong>Eboraeensem</strong></span> <span class='ocrx_word' id='word_1_154' title='bbox 1985 2916 2226 2981; x_wconf 91' lang='lat' dir='ltr'><strong>ponere</strong></span> <span class='ocrx_word' id='word_1_155' title='bbox 2299 2896 2594 2983; x_wconf 84' lang='lat' dir='ltr'><strong>possetis.</strong></span> <span class='ocrx_word' id='word_1_156' title='bbox 2709 2894 3036 2963; x_wconf 81' lang='lat' dir='ltr'><strong>Dominus</strong></span> 
     </span>
     <span class='ocr_line' id='line_1_22' title="bbox 941 2994 3040 3081; baseline 0.003 -22"><span class='ocrx_word' id='word_1_157' title='bbox 941 2994 1413 3081; x_wconf 81' lang='lat' dir='ltr'><strong>wigornensis,</strong></span> <span class='ocrx_word' id='word_1_158' title='bbox 1476 2994 1900 3061; x_wconf 84' lang='lat' dir='ltr'><strong>fidelissimus</strong></span> <span class='ocrx_word' id='word_1_159' title='bbox 1947 2998 2234 3063; x_wconf 78' lang='lat' dir='ltr'><strong>ecclesias</strong></span> <span class='ocrx_word' id='word_1_160' title='bbox 2283 2998 2780 3064; x_wconf 82' lang='lat' dir='ltr'><strong>Cantuariensis</strong></span> <span class='ocrx_word' id='word_1_161' title='bbox 2845 2998 3040 3077; x_wconf 86' lang='lat' dir='ltr'><strong>filius,</strong></span> 
     </span>
     <span class='ocr_line' id='line_1_23' title="bbox 928 3096 3034 3175; baseline 0.003 -14"><span class='ocrx_word' id='word_1_162' title='bbox 928 3096 1223 3163; x_wconf 87' lang='lat' dir='ltr'><strong>nondum</strong></span> <span class='ocrx_word' id='word_1_163' title='bbox 1286 3096 1761 3175; x_wconf 67' lang='lat' dir='ltr'><strong>transfretavit,</strong></span> <span class='ocrx_word' id='word_1_164' title='bbox 1808 3099 1923 3163; x_wconf 88' lang='lat' dir='ltr'><strong>sed</strong></span> <span class='ocrx_word' id='word_1_165' title='bbox 1987 3098 2220 3166; x_wconf 89' lang='lat' dir='ltr'><strong>honori</strong></span> <span class='ocrx_word' id='word_1_166' title='bbox 2273 3100 2559 3166; x_wconf 83' lang='lat' dir='ltr'><strong>ecclesiae</strong></span> <span class='ocrx_word' id='word_1_167' title='bbox 2605 3105 2674 3166; x_wconf 86' lang='lat' dir='ltr'><strong>et</strong></span> <span class='ocrx_word' id='word_1_168' title='bbox 2740 3100 3034 3167; x_wconf 76' lang='lat' dir='ltr'><strong>libertati</strong></span> 
     </span>
     <span class='ocr_line' id='line_1_24' title="bbox 933 3198 3034 3279; baseline 0.001 -14"><span class='ocrx_word' id='word_1_169' title='bbox 933 3198 1201 3265; x_wconf 89' lang='lat' dir='ltr'><strong>omnino</strong></span> <span class='ocrx_word' id='word_1_170' title='bbox 1244 3198 1554 3264; x_wconf 84' lang='lat' dir='ltr'><strong>intendit.</strong></span> <span class='ocrx_word' id='word_1_171' title='bbox 1637 3198 1878 3265; x_wconf 83' lang='lat' dir='ltr'><strong>Valeat</strong></span> <span class='ocrx_word' id='word_1_172' title='bbox 1921 3200 2228 3265; x_wconf 87' lang='lat' dir='ltr'><strong>dominus</strong></span> <span class='ocrx_word' id='word_1_173' title='bbox 2271 3222 2473 3279; x_wconf 89' lang='lat' dir='ltr'><strong>meus,</strong></span> <span class='ocrx_word' id='word_1_174' title='bbox 2519 3206 2589 3266; x_wconf 93' lang='lat' dir='ltr'><strong>et</strong></span> <span class='ocrx_word' id='word_1_175' title='bbox 2619 3201 3034 3269; x_wconf 87' lang='lat' dir='ltr'><strong>voluntatem</strong></span> 
     </span>
     <span class='ocr_line' id='line_1_25' title="bbox 938 3300 3036 3390; baseline 0.002 -25"><span class='ocrx_word' id='word_1_176' title='bbox 938 3321 1127 3366; x_wconf 87' lang='lat' dir='ltr'><strong>suam</strong></span> <span class='ocrx_word' id='word_1_177' title='bbox 1204 3304 1275 3365; x_wconf 88' lang='lat' dir='ltr'><strong>et</strong></span> <span class='ocrx_word' id='word_1_178' title='bbox 1348 3304 1599 3364; x_wconf 87' lang='lat' dir='ltr'><strong>statum</strong></span> <span class='ocrx_word' id='word_1_179' title='bbox 1666 3300 1850 3376; x_wconf 87' lang='lat' dir='ltr'><strong>mihi,</strong></span> <span class='ocrx_word' id='word_1_180' title='bbox 1927 3321 2117 3367; x_wconf 88' lang='lat' dir='ltr'><strong>servo</strong></span> <span class='ocrx_word' id='word_1_181' title='bbox 2195 3323 2331 3379; x_wconf 83' lang='lat' dir='ltr'><strong>sue,</strong></span> <span class='ocrx_word' id='word_1_182' title='bbox 2377 3302 2703 3390; x_wconf 84' lang='lat' dir='ltr'><strong>prolixius</strong></span> <span class='ocrx_word' id='word_1_183' title='bbox 2779 3303 3036 3370; x_wconf 75' lang='lat' dir='ltr'><strong>scribat</strong></span> 
     </span>
     <span class='ocr_line' id='line_1_26' title="bbox 940 3401 2012 3469; baseline 0.002 -4"><span class='ocrx_word' id='word_1_184' title='bbox 940 3401 1179 3469; x_wconf 87' lang='lat' dir='ltr'><strong>Valeat</strong></span> <span class='ocrx_word' id='word_1_185' title='bbox 1221 3401 1295 3465; x_wconf 89' lang='lat' dir='ltr'><strong>in</strong></span> <span class='ocrx_word' id='word_1_186' title='bbox 1340 3404 1659 3466; x_wconf 80' lang='lat' dir='ltr'><strong>aeternum</strong></span> <span class='ocrx_word' id='word_1_187' title='bbox 1707 3406 1777 3465; x_wconf 90' lang='lat' dir='ltr'><strong>et</strong></span> <span class='ocrx_word' id='word_1_188' title='bbox 1821 3401 2012 3467; x_wconf 85' lang='lat' dir='ltr'><strong>ultra.</strong></span> 
     </span>
    </p>
   </div>
   <div class='ocr_carea' id='block_1_4' title="bbox 1720 3789 2191 3859">
    <p class='ocr_par' dir='ltr' id='par_1_4' title="bbox 1720 3789 2191 3859">
     <span class='ocr_line' id='line_1_27' title="bbox 1720 3789 2191 3859; baseline -0.006 0"><span class='ocrx_word' id='word_1_189' title='bbox 1720 3789 2191 3859; x_wconf 85' lang='lat' dir='ltr'><strong>DOLXXVII.</strong></span> 
     </span>
    </p>
   </div>
   <div class='ocr_carea' id='block_1_5' title="bbox 1076 3937 2871 4106">
    <p class='ocr_par' dir='ltr' id='par_1_5' title="bbox 1076 3937 2871 4106">
     <span class='ocr_line' id='line_1_28' title="bbox 1076 3937 2871 4007; baseline -0.002 -2"><span class='ocrx_word' id='word_1_190' title='bbox 1076 3941 1348 4006; x_wconf 72' lang='lat' dir='ltr'><strong>THoMAE</strong></span> <span class='ocrx_word' id='word_1_191' title='bbox 1396 3939 1918 4007; x_wconf 72' lang='lat' dir='ltr'><strong>CAN&#39;ruAmlmffl</strong></span> <span class='ocrx_word' id='word_1_192' title='bbox 1963 3952 2507 4003; x_wconf 65' lang='lat' dir='ltr'><strong>mcmnmscoro</strong></span> <span class='ocrx_word' id='word_1_193' title='bbox 2553 3937 2871 4003; x_wconf 73' lang='lat' dir='ltr'><strong>JOANNES</strong></span> 
     </span>
     <span class='ocr_line' id='line_1_29' title="bbox 1668 4040 2279 4106; baseline 0.002 -1"><span class='ocrx_word' id='word_1_194' title='bbox 1668 4040 2279 4106; x_wconf 70' lang='lat' dir='ltr'><strong>SARESBERmNffls,</strong></span> 
     </span>
    </p>
   </div>
   <div class='ocr_carea' id='block_1_6' title="bbox 1308 4184 2652 4253">
    <p class='ocr_par' dir='ltr' id='par_1_6' title="bbox 1308 4184 2652 4253">
     <span class='ocr_line' id='line_1_30' title="bbox 1308 4184 2652 4253; baseline -0.006 -12"><span class='ocrx_word' id='word_1_195' title='bbox 1308 4190 1403 4253; x_wconf 87' lang='grc' dir='ltr'><strong>(Ο.</strong></span> <span class='ocrx_word' id='word_1_196' title='bbox 1427 4192 1525 4239; x_wconf 80' lang='lat'><strong>205</strong></span> <span class='ocrx_word' id='word_1_197' title='bbox 1552 4208 1566 4247; x_wconf 82' lang='lat'><strong>;</strong></span> <span class='ocrx_word' id='word_1_198' title='bbox 1602 4186 1659 4236; x_wconf 91' lang='lat' dir='ltr'><strong>Z.</strong></span> <span class='ocrx_word' id='word_1_199' title='bbox 1685 4204 1733 4237; x_wconf 83' lang='lat' dir='ltr'><strong>v.</strong></span> <span class='ocrx_word' id='word_1_200' title='bbox 1756 4190 1855 4244; x_wconf 79' lang='lat'><strong>423</strong></span> <span class='ocrx_word' id='word_1_201' title='bbox 1891 4188 2024 4251; x_wconf 87' lang='lat' dir='ltr'><strong>Lup.</strong></span> <span class='ocrx_word' id='word_1_202' title='bbox 2047 4203 2094 4236; x_wconf 89' lang='lat' dir='ltr'><strong>v.</strong></span> <span class='ocrx_word' id='word_1_203' title='bbox 2125 4190 2222 4243; x_wconf 73' lang='lat'><strong>423</strong></span> <span class='ocrx_word' id='word_1_204' title='bbox 2257 4186 2344 4237; x_wconf 84' lang='lat' dir='ltr'><strong>Jo.</strong></span> <span class='ocrx_word' id='word_1_205' title='bbox 2372 4184 2483 4237; x_wconf 85' lang='lat' dir='ltr'><strong>Sar.</strong></span> <span class='ocrx_word' id='word_1_206' title='bbox 2507 4188 2652 4247; x_wconf 83' lang='lat'><strong>297.)</strong></span> 
     </span>
    </p>
   </div>
   <div class='ocr_carea' id='block_1_7' title="bbox 1018 4312 3026 4389">
    <p class='ocr_par' dir='ltr' id='par_1_7' title="bbox 1018 4312 3026 4389">
     <span class='ocr_line' id='line_1_31' title="bbox 1018 4312 3026 4389; baseline -0.005 -3"><span class='ocrx_word' id='word_1_207' title='bbox 1018 4318 1385 4385; x_wconf 77' lang='lat' dir='ltr'><strong>Consilium</strong></span> <span class='ocrx_word' id='word_1_208' title='bbox 1414 4315 1667 4381; x_wconf 87' lang='lat' dir='ltr'><strong>domini</strong></span> <span class='ocrx_word' id='word_1_209' title='bbox 1701 4314 2101 4381; x_wconf 84' lang='lat' dir='ltr'><strong>Senonensis</strong></span> <span class='ocrx_word' id='word_1_210' title='bbox 2147 4317 2218 4379; x_wconf 88' lang='lat' dir='ltr'><strong>et</strong></span> <span class='ocrx_word' id='word_1_211' title='bbox 2263 4318 2566 4378; x_wconf 83' lang='lat' dir='ltr'><strong>nostrum</strong></span> <span class='ocrx_word' id='word_1_212' title='bbox 2599 4316 2718 4389; x_wconf 81' lang='lat' dir='ltr'><strong>est,</strong></span> <span class='ocrx_word' id='word_1_213' title='bbox 2751 4312 2807 4376; x_wconf 87' lang='lat' dir='ltr'><strong>si</strong></span> <span class='ocrx_word' id='word_1_214' title='bbox 2837 4312 3026 4377; x_wconf 87' lang='lat' dir='ltr'><strong>vobis</strong></span> 
     </span>
    </p>
   </div>
   <div class='ocr_carea' id='block_1_8' title="bbox 576 4409 3029 4501">
    <p class='ocr_par' dir='ltr' id='par_1_8' title="bbox 576 4409 3029 4501">
     <span class='ocr_line' id='line_1_32' title="bbox 576 4409 3029 4501; baseline -0.002 -16"><span class='ocrx_word' id='word_1_215' title='bbox 576 4409 691 4457; x_wconf 61' lang='lat'>‘¹¹⁸‘</span> <span class='ocrx_word' id='word_1_216' title='bbox 712 4410 799 4460; x_wconf 66' lang='lat'><strong>²¹¹0</strong></span> <span class='ocrx_word' id='word_1_217' title='bbox 920 4424 1155 4489; x_wconf 87' lang='lat' dir='ltr'><strong>melius</strong></span> <span class='ocrx_word' id='word_1_218' title='bbox 1198 4442 1334 4485; x_wconf 90' lang='lat' dir='ltr'><strong>non</strong></span> <span class='ocrx_word' id='word_1_219' title='bbox 1367 4418 1664 4493; x_wconf 82' lang='lat' dir='ltr'><strong>occurrit,</strong></span> <span class='ocrx_word' id='word_1_220' title='bbox 1696 4424 1777 4482; x_wconf 89' lang='lat' dir='ltr'><strong>ut</strong></span> <span class='ocrx_word' id='word_1_221' title='bbox 1822 4416 2062 4481; x_wconf 88' lang='lat' dir='ltr'><strong>litterae</strong></span> <span class='ocrx_word' id='word_1_222' title='bbox 2109 4416 2525 4501; x_wconf 79' lang='lat' dir='ltr'><strong>urgentiores</strong></span> <span class='ocrx_word' id='word_1_223' title='bbox 2559 4435 2721 4500; x_wconf 83' lang='lat' dir='ltr'><strong>quas</strong></span> <span class='ocrx_word' id='word_1_224' title='bbox 2767 4414 3029 4479; x_wconf 87' lang='lat' dir='ltr'><strong>habetis</strong></span> 
     </span>
    </p>
   </div>
   <div class='ocr_carea' id='block_1_9' title="bbox 577 4476 847 4659">
    <p class='ocr_par' dir='ltr' id='par_1_9' title="bbox 577 4476 847 4659">
     <span class='ocr_line' id='line_1_33' title="bbox 578 4476 831 4526; baseline 0.008 -2"><span class='ocrx_word' id='word_1_225' title='bbox 578 4477 749 4525; x_wconf 84' lang='lat' dir='ltr'><strong>letters</strong></span> <span class='ocrx_word' id='word_1_226' title='bbox 773 4476 831 4526; x_wconf 87' lang='lat' dir='ltr'><strong>of</strong></span> 
     </span>
     <span class='ocr_line' id='line_1_34' title="bbox 577 4540 813 4593; baseline 0.004 -3"><span class='ocrx_word' id='word_1_227' title='bbox 577 4540 813 4593; x_wconf 87' lang='lat' dir='ltr'><strong>interdict</strong></span> 
     </span>
     <span class='ocr_line' id='line_1_35' title="bbox 580 4608 847 4659; baseline 0 0"><span class='ocrx_word' id='word_1_228' title='bbox 580 4608 763 4659; x_wconf 84' lang='lat' dir='ltr'><strong>should</strong></span> <span class='ocrx_word' id='word_1_229' title='bbox 784 4611 847 4659; x_wconf 81' lang='lat' dir='ltr'><strong>be</strong></span> 
     </span>
    </p>
   </div>
   <div class='ocr_carea' id='block_1_10' title="bbox 572 4676 714 4725">
    <p class='ocr_par' dir='ltr' id='par_1_10' title="bbox 572 4676 714 4725">
     <span class='ocr_line' id='line_1_36' title="bbox 572 4676 714 4725; baseline 0 0"><span class='ocrx_word' id='word_1_230' title='bbox 572 4676 714 4725; x_wconf 77' lang='lat' dir='ltr'><strong>used.</strong></span> 
     </span>
    </p>
   </div>
   <div class='ocr_carea' id='block_1_11' title="bbox 980 4605 3024 4831">
    <p class='ocr_par' dir='ltr' id='par_1_11' title="bbox 980 4605 3024 4831">
     <span class='ocr_line' id='line_1_37' title="bbox 985 4605 3024 4673; baseline -0.004 -11"><span class='ocrx_word' id='word_1_231' title='bbox 985 4616 999 4644; x_wconf 91' lang='lat'><em>¹</em></span> <span class='ocrx_word' id='word_1_232' title='bbox 1034 4612 1137 4673; x_wconf 70' lang='lat' dir='ltr'><strong>sed,</strong></span> <span class='ocrx_word' id='word_1_233' title='bbox 1162 4614 1221 4673; x_wconf 91' lang='lat' dir='ltr'><strong>Z,</strong></span> <span class='ocrx_word' id='word_1_234' title='bbox 1244 4610 1293 4661; x_wconf 88' lang='lat' dir='ltr'><em>L</em></span> <span class='ocrx_word' id='word_1_235' title='bbox 1310 4632 1325 4672; x_wconf 90' lang='lat'>;</span> <span class='ocrx_word' id='word_1_236' title='bbox 1362 4612 1499 4673; x_wconf 81' lang='lat' dir='ltr'><strong>quin,</strong></span> <span class='ocrx_word' id='word_1_237' title='bbox 1524 4610 1593 4659; x_wconf 89' lang='lat' dir='ltr'><strong>V.</strong></span> <span class='ocrx_word' id='word_1_238' title='bbox 1999 4619 2010 4627; x_wconf 85' lang='grc'><em>”</em></span> <span class='ocrx_word' id='word_1_239' title='bbox 2075 4608 2098 4640; x_wconf 79' lang='lat'><strong>⁴</strong></span> <span class='ocrx_word' id='word_1_240' title='bbox 2134 4613 2364 4667; x_wconf 74' lang='lat' dir='ltr'><strong>vestrum,</strong></span> <span class='ocrx_word' id='word_1_241' title='bbox 2419 4606 2474 4667; x_wconf 86' lang='grc' dir='ltr'><strong>Ζ,</strong></span> <span class='ocrx_word' id='word_1_242' title='bbox 2522 4606 2588 4657; x_wconf 79' lang='lat' dir='ltr'><strong>L.</strong></span> <span class='ocrx_word' id='word_1_243' title='bbox 2657 4606 2768 4656; x_wconf 81' lang='lat' dir='ltr'><strong>The</strong></span> <span class='ocrx_word' id='word_1_244' title='bbox 2816 4605 3024 4669; x_wconf 81' lang='lat' dir='ltr'><strong>reading</strong></span> 
     </span>
     <span class='ocr_line' id='line_1_38' title="bbox 988 4684 2604 4751; baseline -0.002 -12"><span class='ocrx_word' id='word_1_245' title='bbox 988 4692 1010 4724; x_wconf 78' lang='lat'><em>2</em></span> <span class='ocrx_word' id='word_1_246' title='bbox 1042 4693 1197 4751; x_wconf 82' lang='lat' dir='ltr'><strong>immo,</strong></span> <span class='ocrx_word' id='word_1_247' title='bbox 1224 4690 1264 4739; x_wconf 93' lang='lat' dir='ltr'>Z</span> <span class='ocrx_word' id='word_1_248' title='bbox 1284 4710 1297 4749; x_wconf 69' lang='grc' dir='ltr'>ς</span> <span class='ocrx_word' id='word_1_249' title='bbox 1333 4704 1433 4738; x_wconf 90' lang='lat' dir='ltr'><strong>om.</strong></span> <span class='ocrx_word' id='word_1_250' title='bbox 1455 4687 1517 4737; x_wconf 90' lang='lat' dir='ltr'><strong>L.</strong></span> <span class='ocrx_word' id='word_1_251' title='bbox 2011 4684 2067 4735; x_wconf 70' lang='lat' dir='ltr'><strong>of</strong></span> <span class='ocrx_word' id='word_1_252' title='bbox 2090 4686 2144 4737; x_wconf 90' lang='lat' dir='ltr'><strong>V</strong></span> <span class='ocrx_word' id='word_1_253' title='bbox 2167 4701 2330 4736; x_wconf 83' lang='lat' dir='ltr'><strong>seems</strong></span> <span class='ocrx_word' id='word_1_254' title='bbox 2352 4686 2604 4737; x_wconf 83' lang='lat' dir='ltr'><strong>doubtful.</strong></span> 
     </span>
     <span class='ocr_line' id='line_1_39' title="bbox 980 4764 1735 4831; baseline -0.007 -11"><span class='ocrx_word' id='word_1_255' title='bbox 980 4771 1003 4804; x_wconf 85' lang='lat'><strong>³</strong></span> <span class='ocrx_word' id='word_1_256' title='bbox 1038 4776 1224 4831; x_wconf 72' lang='lat' dir='ltr'><strong>vestra,</strong></span> <span class='ocrx_word' id='word_1_257' title='bbox 1246 4783 1346 4818; x_wconf 90' lang='lat' dir='ltr'><strong>om.</strong></span> <span class='ocrx_word' id='word_1_258' title='bbox 1375 4766 1455 4827; x_wconf 86' lang='lat' dir='ltr'><strong>V;</strong></span> <span class='ocrx_word' id='word_1_259' title='bbox 1488 4764 1653 4815; x_wconf 78' lang='lat' dir='ltr'><strong>interl.</strong></span> <span class='ocrx_word' id='word_1_260' title='bbox 1678 4766 1735 4815; x_wconf 70' lang='lat' dir='ltr'><strong>Z.</strong></span> 
     </span>
    </p>
   </div>
  </div>
 </body>
</html>
