3634 5800
108 796 129 814 “.
110 709 113 728 -
110 681 115 688 ⁷*
112 231 138 666 “”““““’”“Ι-“’Ἡ“““““.Ἶ““
132 190 138 201 -

583 2403 694 2454 The
715 2405 862 2457 abno-

580 2469 759 2522 lution.

921 841 1051 906 298
1797 855 2161 907 Ertsmmi.
2646 841 2804 924 [Am.
2839 841 3032 912 1170.

917 1045 1145 1131 aliqua
1207 1045 1619 1111 extrinsecus
1685 1043 2103 1110 solemnitate
2148 1042 2487 1110 irritanda.
2586 1044 2761 1124 Quia
2806 1055 3031 1111 tamen

920 1146 1204 1234 populus
1239 1147 1412 1231 juris
1473 1146 1694 1232 apices
1739 1151 1810 1211 et
1856 1167 2185 1213 canonum
2232 1146 2487 1211 occulta
2531 1167 2669 1211 non
2730 1147 3031 1233 percipit,

920 1249 1060 1315 lata
1103 1250 1176 1314 in
1223 1271 1328 1315 me
1394 1248 1812 1336 postmodum
1888 1254 2036 1335 post
2097 1247 2609 1334 appellationem
2680 1250 3029 1329 sententia,

919 1372 962 1417 a
1011 1351 1220 1418 doctis
1263 1353 1346 1417 de
1390 1351 1770 1416 humilitate
1815 1350 2086 1436 culpari,
2118 1371 2316 1435 quam
2364 1350 2598 1415 divina
2642 1349 3029 1417 celebrando

919 1453 1002 1518 de
1041 1474 1205 1518 ausu
1251 1454 1441 1539 quasi
1486 1453 1799 1539 sacrilego
1842 1475 1885 1517 a
1929 1452 2359 1516 multitudine
2406 1452 2799 1538 reprehendi
2822 1451 2872 1532 ;1
2922 1476 3027 1518 me

919 1555 1012 1620 sic
1055 1554 1324 1635 habenS,
1372 1556 1466 1620 sic
1511 1555 1580 1619 in
1627 1553 1933 1619 omnibus
1986 1553 2324 1630 exhibens,
2370 1575 2447 1618 ac
2492 1554 2547 1617 si
2596 1575 2701 1618 me
2772 1561 3029 1620 teneret

920 1658 1270 1736 sementia,
1334 1678 1532 1742 quam
1595 1657 1682 1721 ab
1759 1657 1899 1741 ipso
1974 1677 2112 1720 suae
2192 1655 2754 1741 pronuntiationis
2830 1656 3027 1720 initio

920 1759 1279 1844 apostolica
1323 1758 1696 1823 sublimitas
1765 1756 2071 1836 elidebat,
2118 1756 2203 1822 ad
2252 1779 2463 1843 quam.
2516 1758 2851 1843 praemissa
2910 1779 3029 1843 ap·

919 1861 1192 1948 pellatio
1219 1861 1636 1936 sententiam,
1663 1881 1748 1924 ne
1781 1859 1944 1944 quid
1985 1864 2207 1944 posset
2253 1859 2541 1936 omnino,
2571 1859 3027 1944 potentissime

919 1967 1336 2052 reprimebat.
1449 1965 1580 2044 Qui
1655 1964 1971 2029 nimirum
2046 1963 2368 2030 articulus
2442 1985 2595 2028 cum
2672 1964 2879 2049 possit
2952 1965 3026 2028 in

919 2075 1174 2152 partem
1249 2067 1438 2144 hanc,
1513 2072 1776 2153 patrum
1856 2065 2249 2132 auctoritate
2326 2066 2745 2151 suffragante,
2820 2065 3025 2151 pluri·

917 2191 1100 2234 mum
1177 2168 1521 2254 disputari,
1599 2167 1914 2254 inspectis
1990 2171 2217 2232 tamen
2284 2165 2527 2230 litteris
2603 2167 2843 2252 quibus
2922 2188 3026 2231 me

917 2275 1140 2334 vestra
1183 2269 1422 2334 caritas
1466 2269 1792 2334 instruere
1840 2273 1911 2333 et
1955 2267 2273 2333 oensolari
2321 2267 2597 2353 dignata
2642 2272 2763 2346 est,
2826 2268 3025 2333 alter-

918 2372 1242 2436 cationem
1295 2371 1534 2458 respui,
1579 2375 1648 2435 et
1685 2370 1890 2456 juxta
1933 2371 2141 2435 vestri
2210 2370 2485 2435 formam
2534 2369 2791 2436 consilii
2836 2371 3026 2436 abso·

919 2473 1171 2538 lutione
1238 2479 1553 2558 suscepta,
1623 2478 1948 2557 praesente
1996 2471 2361 2558 Evangelio
2405 2494 2509 2536 me
2558 2471 2745 2536 vobis
2810 2473 2883 2536 in
2952 2473 3025 2536 id

917 2575 1094 2660 quod
1139 2580 1360 2640 vestra
1425 2573 1592 2638 mihi
1660 2574 1977 2639 sanctitas
2024 2573 2282 2638 dederit
2324 2573 2396 2636 in
2464 2573 2795 2638 mandatis
2858 2573 3021 2638 obli-

915 2677 1090 2762 gavi,
1137 2683 1359 2741 vestro
1404 2697 1523 2762 per
1567 2675 1790 2740 omnia
1834 2675 2171 2760 pariturus
2217 2674 2492 2760 imperio
2529 2695 2648 2760 pro
2693 2675 3023 2760 possibili-

915 2783 1074 2855 tate,
1137 2799 1272 2843 non
1340 2798 1709 2842 recessurus
1781 2797 1825 2840 a
1886 2776 2219 2861 promisse.
2312 2775 2674 2862 Temperet,
2740 2777 3023 2854 obsecro,

915 2880 1155 2947 caritas
1223 2884 1500 2967 paterna
1573 2878 1980 2955 mandatum,
2046 2899 2383 2964 quousque
2448 2899 2669 2943 meum
2738 2879 2811 2943 in
2868 2879 3021 2965 jure

916 2982 1436 3069 deprehenderit,
1467 2987 1689 3047 actore
1738 2980 1963 3065 aliquo
2009 2985 2079 3046 et
2142 2980 2378 3046 idoneo
2424 2985 2613 3058 teste,
2656 2989 3021 3067 peccatum.

917 3084 990 3150 Si
1021 3084 1275 3148 meritis
1319 3084 1602 3168 gratiam
1653 3081 1881 3147 referri
1911 3080 2161 3161 distuli,
2194 3082 2469 3147 aestivus
2514 3081 2706 3160 calor,
2738 3082 3020 3148 difficul-

916 3190 1018 3251 tas
1063 3184 1339 3262 itineris,
1385 3183 1894 3270 depraedationis
1958 3187 2177 3247 metus
2222 3188 2293 3249 et
2334 3184 2628 3260 carceris,
2673 3184 2745 3249 id
2812 3184 3021 3251 fecere

915 3287 1181 3353 differri.
1277 3286 1352 3351 Si
1415 3306 1794 3372 progressus
1859 3284 1933 3347 in
1996 3284 2233 3349 itinere
2295 3284 2385 3349 ad
2445 3305 2564 3349 vos
2631 3307 2837 3371 usque
2884 3308 3019 3351 non

915 3390 1213 3474 processi,
1293 3387 1784 3473 exploratorum
1854 3385 2112 3451 insidiis
2187 3386 2546 3472 impeditus
2618 3409 2784 3466 sum,
2848 3394 2919 3453 et
2976 3411 3021 3454 a

913 3491 1168 3555 nuntiis
1215 3489 1464 3555 domini
1511 3489 1682 3575 regis
1745 3510 1787 3552 a
1833 3494 2055 3552 vestra
2098 3486 2508 3552 sublimitate
2554 3489 2848 3567 reversis,
2894 3490 3021 3554 sub

913 3592 1126 3658 multa
1189 3591 1746 3667 interminatione,
1791 3594 2151 3656 revocatus.
2249 3588 2529 3655 Obsecro
2581 3612 2701 3676 per
2766 3592 3019 3657 miseri-

913 3694 1200 3761 cordiam
1249 3694 1412 3758 Jesu
1483 3692 1752 3769 Christi,
1822 3691 2092 3757 Domini
2160 3692 2388 3768 nostri,
2456 3699 2533 3755 ut
2596 3697 2786 3778 pater
2850 3694 3019 3759 iram

913 3798 1050 3862 filio
1097 3797 1178 3861 de
1224 3796 1412 3862 oerde
1467 3795 1786 3872 remittat,
1834 3801 1903 3860 et
1968 3794 2043 3857 in
2108 3816 2228 3859 sua
2290 3794 2695 3880 protectione
2757 3817 3019 3884 suscep·

911 3906 1057 3965 tum
1101 3904 1317 3963 totum
1365 3896 1446 3961 de
1491 3902 1725 3963 caetero
1775 3897 1862 3961 ad
1908 3916 2099 3961 omne
2145 3917 2333 3981 posse
2380 3918 2600 3961 meum
2620 3894 2646 3935 ²
2690 3903 2759 3962 et
2822 3920 3015 3963 suum

913 3999 1078 4066 velle
1110 3998 1455 4084 possideat.
1521 3996 1883 4063 Conservet
1914 3997 2435 4064 incolumitatem
2468 4004 2758 4064 vestram
2788 3999 3019 4066 Domi-

909 4123 1054 4179 nus,
1098 4100 1171 4164 in
1217 4099 1483 4167 Christo
1529 4098 1763 4164 dilecte
1808 4103 2013 4183 pater.

979 4330 994 4363 ¹
1033 4332 1184 4382 Some
1229 4328 1357 4379 such
1399 4328 1534 4379 word
1571 4312 1628 4378 as
1671 4326 1827 4377 malui
1870 4328 1914 4377 is
2074 4326 2096 4360 ²
2128 4327 2311 4388 sistus.
2336 4329 2403 4381 G.

913 4408 1145 4475 required
1165 4407 1305 4459 here.
