3634 5800
868 859 999 922 200
1748 875 2112 925 Emsronffl.
2583 861 2743 946 [Am.
2786 863 2820 926 1
2841 859 2926 931 17
2937 864 2980 925 0

867 1081 1056 1124 suam
1099 1060 1307 1126 faciat
1360 1082 1585 1126 secure
1647 1062 1880 1139 redire,
1927 1067 1996 1126 et
2055 1063 2305 1128 ibidem
2350 1064 2423 1126 in
2468 1083 2629 1149 pace
2689 1085 2970 1130 manere.

865 1161 1451 1248 Archiepiscopum
1515 1163 1735 1228 etiam.
1782 1163 1870 1228 ad
1903 1162 2118 1250 ‘illam
2188 1185 2416 1251 pacem
2484 1166 2970 1252 suscipiendam

872 1285 959 1328 ex
1022 1270 1211 1349 parte
1274 1269 1505 1329 nostra
1574 1264 1937 1329 studiosius
1982 1265 2463 1343 exhortemini‚¹
2539 1271 2610 1332 et
2675 1289 2824 1332 eum
2895 1274 2973 1333 ut

874 1385 1029 1450 erga
1071 1387 1313 1452 regem,
1360 1371 1689 1450 quantum
1736 1365 1926 1430 salva
1971 1363 2302 1432 'libertate
2350 1369 2638 1434 ecclesiae
2707 1374 2777 1434 et
2821 1369 2969 1434 abs-

866 1489 994 1550 que
1071 1467 1367 1553 periculo
1444 1489 1563 1532 suo
1587 1465 1612 1504 2
1686 1489 1762 1533 ac
1843 1489 2116 1534 suorum
2191 1474 2426 1555 potest,
2504 1493 2571 1535 se
2661 1471 2972 1536 humiliet

862 1569 1225 1634 instantius
1272 1570 1608 1634 moneatis.
1706 1569 2162 1636 Veruntamen
2184 1569 2211 1610 ³
2279 1573 2336 1636 si
2381 1595 2500 1636 rex
2546 1574 2630 1638 ad
2695 1573 2968 1638 solutio-

858 1692 1013 1735 nem
1037 1669 1066 1708 ⁴
1110 1670 1289 1736 mille
1336 1691 1724 1749 marcarum,
1776 1672 1858 1736 de
1905 1671 2146 1757 quibus
2191 1694 2391 1760 supra
2451 1672 2722 1738 fecimus
2785 1695 2968 1738 men·

858 1773 1128 1849 tionem,
1182 1773 1489 1838 inclinari
1536 1793 1674 1838 non
1720 1774 1950 1858 possit,
2018 1774 2328 1840 nolumus
2376 1780 2454 1840 ut
2497 1796 2634 1860 pax
2697 1783 2969 1861 propter

857 1875 982 1940 hoc
1026 1873 1450 1960 aliquatenus
1496 1875 1904 1962 impediatur
1948 1877 2005 1940 si
2049 1877 2184 1942 alia
2227 1899 2346 1942 rex
2395 1879 2562 1942 velit
2601 1876 2968 1963 complere.¹⁵

520 1990 767 2041 Interdict
860 1975 1053 2056 Quod
1098 1977 1155 2040 si
1204 1997 1283 2042 ea
1326 1997 1475 2061 quae
1520 1977 1711 2043 nobis
1754 1979 2081 2063 promisit,
2129 1984 2198 2043 et
2244 1979 2531 2044 maxime
2577 1979 2660 2043 de
2705 1979 2967 2064 integra

519 2059 798 2174 ξιξξξθξξο·
856 2077 1339 2162 possessionum
1390 2077 1763 2142 ablatarum
1810 2079 2252 2158 restitutione,
2301 2086 2370 2145 et
2414 2079 2532 2144 illa
2575 2081 2780 2146 etiam
2816 2101 2965 2165 quae

520 2186 562 2236 if
582 2189 670 2240 the
692 2190 815 2253 king
856 2179 986 2243 sibi
1052 2180 1143 2244 de
1200 2180 1423 2245 osculo
1488 2179 2055 2266 significavimus,⁶
2109 2181 2239 2245 nisi
2301 2181 2470 2246 forte
2533 2181 2963 2268 archiepisco-

516 2255 759 2373 ffiffghe
855 2303 979 2367 pus
1026 2281 1246 2347 osculo
1292 2282 1413 2346 filii
1461 2282 1629 2346 velit
1673 2303 1815 2347 esse
1865 2289 2233 2360 contentus,
2283 2284 2456 2348 infra
2516 2284 2962 2370 quadraginta

514 2393 686 2438 terms.
852 2383 995 2448 dies
1038 2391 1193 2468 post·
1236 2384 1815 2449 commonitionem
1861 2390 2160 2450 nostram
2181 2385 2208 2426 ⁷
2251 2385 2541 2450 noluerit
2585 2384 2962 2471 adimplere,

851 2508 969 2551 vos
1044 2491 1257 2551 totam
1319 2492 1565 2551 terram
1626 2486 1767 2570 ejus
1830 2487 2272 2564 cismarinam,
2320 2488 2719 2554 auctoritate
2780 2487 2958 2552 beati

849 2583 1031 2654 Petri
1101 2594 1171 2652 et
1232 2594 1475 2665 nostra,
1543 2589 1723 2652 omni
1786 2589 2310 2656 contradictione
2374 2597 2444 2655 et
2517 2588 2960 2676 appellatione

846 2695 1116 2767 remota,
1163 2690 1506 2756 interdicti
1550 2690 1904 2756 sententiae
1949 2691 2340 2776 subjiciatis,
2384 2696 2454 2756 et
2499 2691 2572 2754 in
2618 2711 2696 2756 ea
2739 2692 2960 2756 omnia

848 2790 1116 2880 Divina,
1180 2797 1423 2878 praeter
1502 2791 1834 2878 baptisma
1909 2792 2340 2878 parvulorum
2387 2798 2456 2857 et
2528 2793 2962 2879 poenitentias

846 2893 1291 2971 morientium,
1321 2893 1730 2982 prohibeatis
1762 2891 1975 2961 officia
2011 2894 2346 2973 celebrari,
2375 2896 2505 2961 nisi
2551 2895 2721 2961 forte
2767 2895 2958 2962 vobis

840 2998 1145 3062 omnino·
1177 3001 1509 3062 constaret
1560 2996 1763 3081 ,quod
1841 2996 2200 3082 saepefatus
2273 3018 2394 3063 rex
2477 2998 2810 3063 Henricus
2885 2999 2959 3062 in

846 3098 1036 3163 brevi
1098 3104 1249 3184 post
1312 3098 1762 3184 quadraginta
1826 3098 1966 3163 dies
2027 3098 2282 3184 elapsos
2341 3098 2779 3186 adimpleret,¹3
2842 3104 2964 3165 aut

844 3199 1373 3285 archiepiscopus
1442 3199 1737 3266 osculum
1820 3199 1944 3264 filii
2020 3222 2140 3287 pro
2209 3221 2329 3265 suo
2394 3201 2562 3265 velit
2613 3201 2956 3286 suscipere.

844 3300 921 3367 Si
966 3306 1190 3366 autem
1254 3323 1385 3387 pax
1446 3302 1653 3367 fuerit
1696 3308 2090 3387 cooperante
2138 3302 2425 3367 Domino
2486 3308 2958 3381 consummata,

842 3425 961 3470 vos
1023 3404 1305 3469 eundem
1366 3426 1605 3491 regem,
1668 3425 1804 3470 non
1867 3405 2099 3469 statim
2159 3426 2317 3491 pace
2377 3406 2571 3482 facta,
2633 3406 2746 3471 sed
2810 3413 2962 3492 post

830 3505 1331 3591 aliquantulum
1355 3505 1381 3543 ⁰
1428 3504 1863 3570 intervallum
1910 3506 2273 3571 secundum
2319 3507 2782 3573 discretionem
2814 3529 2960 3573 ves-

842 3614 1015 3674 tram
1060 3608 1545 3693 interpositum,
1592 3629 1677 3673 ex
1722 3612 1916 3693 parte
1947 3607 2075 3675 Dei
2109 3614 2178 3674 et
2206 3614 2434 3674 nostra
2479 3630 2887 3675 commonere
2907 3609 2958 3649 ¹⁰

840 3710 1101 3787 curetiS,
1148 3716 1217 3774 et
1263 3708 1342 3786 ei,
1388 3709 1461 3773 in
1508 3708 1904 3774 delictorum
1951 3732 2223 3777 suorum
2254 3712 2536 3788 veniam,
2569 3711 2957 3798 injungatis,

838 3810 1016 3897 quod
1059 3811 1572 3877 consuetudines
1616 3810 1768 3876 illas
1787 3809 1844 3851 ¹¹
1889 3832 2150 3898 pravas,
2181 3818 2252 3877 et
2297 3812 2445 3876 illas
2475 3813 2764 3878 maxime
2787 3834 2952 3898 quas

836 3914 977 3998 ipse
1024 3913 1105 3978 de
1183 3934 1360 3979 novo
1406 3912 1655 3998 adjecit
1702 3917 1772 3977 et
1837 3934 1988 3997 quae
2032 3919 2264 3979 contra
2309 3913 2593 3979 salutem
2661 3934 2846 3979 suam
2893 3920 2964 3980 et

854 4062 2903 4074 ..ΜΨ-*κρ-
2929 4066 2940 4071 -

902 4144 917 4177 ¹
953 4142 1223 4193 studiosius
1249 4142 1594 4201 exhortemini,
1620 4156 1721 4191 om.
1748 4142 1807 4191 L.
2009 4140 2030 4178 ’ἵ
2066 4148 2298 4202 vestram,
2345 4144 2404 4203 Z,
2445 4143 2568 4191 with
2612 4142 2692 4192 vel
2735 4150 2949 4192 nostmm

899 4222 922 4259 ²
952 4224 1053 4284 eui,
1076 4222 1147 4283 A,
1170 4223 1210 4272 Z
1235 4242 1249 4281 3
1284 4237 1387 4280 suo,
1418 4221 1475 4271 L.
1941 4220 2108 4271 interl.

898 4300 921 4331 ⁸
964 4300 1298 4351 Veruntamen
1352 4336 1365 4349 .
1418 4336 1430 4347 .
1480 4334 1493 4347 .
1548 4335 1561 4348 .
1599 4298 1842 4363 complere
2009 4300 2032 4331 8
2067 4297 2346 4364 adimplere
2367 4298 2582 4357 deberet,
2605 4300 2675 4349 A.

832 4380 1144 4431 transferred
1168 4378 1218 4428 in
1242 4380 1279 4427 z
1316 4384 1370 4428 to
1406 4378 1537 4428 after
1572 4378 1841 4441 suscipere,
2007 4378 2029 4409 ⁹
2065 4376 2398 4441 aliquantum,
2421 4376 2484 4427 Ο.

834 4460 1014 4508 below.
2011 4454 2050 4488 ¹⁰
2089 4456 2197 4505 Dei
2231 4460 2279 4505 et
2311 4462 2490 4505 nostra
2523 4471 2839 4518 commonere,
2875 4456 2951 4515 A,

900 4538 920 4570 ⁴
954 4536 1270 4598 sufficientem,
1294 4536 1363 4587 V.
1943 4536 2016 4595 Z,
2055 4534 2162 4584 Dei
2182 4542 2229 4583 et
2251 4536 2620 4584 commonitione
2643 4540 2827 4595 vestra,
2851 4534 2910 4583 L.

898 4616 919 4648 ⁸
956 4614 1169 4681 implere,
1193 4615 1261 4663 A.
2010 4613 2044 4647 ¹¹
2081 4612 2221 4675 illan,
2248 4614 2332 4675 A;
2367 4630 2467 4665 om.
2491 4614 2554 4663 L.

896 4696 918 4727 ⁶
950 4694 1344 4760 siqnilicavimus
1384 4732 1396 4743 .
1438 4732 1449 4744 .
1487 4731 1499 4744 .
1536 4692 1719 4753 osculo,
1766 4693 1837 4753 A,

830 4774 876 4825 Ο
900 4794 935 4835 3.
949 4788 1050 4822 om.
1072 4772 1133 4821 L.
