3634 5800
673 833 804 888 ΑΔ).
841 816 1061 902 1170]
1556 832 1916 880 EPISTOLAE.
2659 817 2791 890 247

673 1021 874 1100 deret,
921 1043 1043 1087 rex
1101 1020 1227 1086 sub
1293 1025 1630 1107 praetextu
1697 1021 1931 1108 negati
1980 1020 2189 1088 osculi
2234 1020 2609 1086 crederetur
2670 1042 2787 1086 ex-

673 1128 934 1208 emptus
1007 1123 1322 1189 infamiae.
1444 1123 1702 1188 Redeat
1777 1123 1853 1186 in
1930 1130 2225 1190 mentem
2292 1123 2623 1188 Robertus
2700 1122 2781 1189 de
2806 1117 2922 1238 ΡΡΒ-
2932 1126 3043 1183 16⁵

672 1347 822 1392 cum
866 1351 942 1394 eo
991 1349 1220 1414 pacem
1266 1327 1588 1404 fecerunt,
1621 1329 1867 1412 quibus
1912 1328 1973 1392 si
2020 1350 2143 1394 nec
2190 1327 2485 1396 osculum
2514 1326 2778 1414 publice

675 1429 926 1505 datum,
969 1451 1092 1494 nec
1134 1430 1317 1494 tanti
1362 1429 1748 1494 mediatoris
1793 1430 2175 1496 reverentia
2222 1451 2447 1494 veram
2491 1429 2777 1494 contulit

675 1553 920 1616 pacem,
963 1553 1100 1597 non
1151 1531 1558 1597 mirabimini
1604 1553 1724 1597 cur
1782 1537 2187 1598 memoratus
2250 1530 2775 1616 archiepiscopus

672 1634 956 1718 publicae
1021 1634 1360 1722 religionis
1422 1634 1781 1700 solemnem
1847 1635 2076 1720 exigat
2136 1635 2525 1700 cautionem.
2616 1633 2777 1701 Oui-

673 1757 952 1821 cumque
981 1736 1469 1822 praemissorum
1514 1735 1945 1801 articulorum
1992 1757 2108 1800 rex
2140 1735 2311 1800 nolit
2350 1735 2777 1821 acquiescere,

673 1857 810 1914 vos,
855 1837 912 1901 si
958 1837 1166 1902 vultis
1215 1841 1296 1902 ut
1339 1837 1531 1902 vobis
1585 1837 1660 1900 in
1727 1857 1925 1902 causa
1990 1836 2317 1914 succedat,
2363 1837 2644 1922 accipite
2696 1837 2779 1901 li-.

671 1940 960 2004 centiam
1027 1940 1494 2018 incontinenti,
1559 1945 1644 2017 et,
1689 1938 1823 2004 nisi
1890 1938 2205 2003 mandato
2276 1938 2527 2004 domini
2587 1959 2777 2025 papae

671 2041 1096 2125 adquiescens
1158 2063 1276 2108 vos
1345 2042 1776 2118 revocaverit,
1822 2041 2041 2106 redire
2086 2041 2285 2106 citius
2305 2040 2329 2079 ¹
2394 2063 2530 2107 non
2590 2041 2778 2106 diffe-

671 2143 848 2208 ratis.
944 2144 1018 2208 Si
1079 2148 1307 2208 autem
1373 2143 1796 2229 acquieverit,
1865 2142 2217 2226 exprimite
2284 2143 2557 2208 nomina
2629 2165 2775 2228 pos-

674 2247 1042 2311 sessionum
1109 2247 1284 2314 sicut
1345 2247 1537 2312 vobis
1611 2246 1686 2312 in
1745 2245 2049 2312 chartula
2112 2247 2597 2331 exprimuntur,
2657 2268 2779 2312 nec

673 2348 1052 2414 admittatis
1100 2347 1472 2414 delusiones
1527 2352 1595 2412 et
1653 2346 1914 2412 fabulas
1960 2345 2104 2430 ejus
2152 2347 2393 2432 quibus
2440 2348 2775 2414 ecclesiam

667 2449 1016 2514 conabitur
1044 2449 1354 2514 mutilare
1397 2449 1587 2514 bonis
1617 2449 1756 2514 suis
1779 2473 1796 2528 ;
1850 2449 2009 2534 quia
2030 2447 2055 2486 ²
2085 2449 2245 2514 dum
2292 2471 2559 2536 passum
2591 2451 2779 2536 pedis

670 2553 935 2618 auferat
956 2549 981 2589 3
1043 2573 1275 2638 pacem,
1333 2574 1485 2617 cum
1531 2550 2025 2637 archiepiscopo
2076 2552 2249 2619 inire
2300 2573 2439 2618 non
2489 2554 2781 2638 poterit3

671 2654 931 2718 mavult
985 2654 1162 2718 enim
1209 2653 1526 2738 proscribi
1571 2658 1889 2737 perpetuo
1937 2673 2137 2737 quam
2183 2674 2259 2718 eo
2308 2654 2778 2732 consentiente,

671 2756 777 2820 vel
823 2756 898 2818 in
939 2755 1218 2819 minimo
1261 2753 1711 2840 proscribatur
1771 2751 2057 2820 ecclesia.
2174 2755 2367 2834 Quod
2430 2756 2486 2820 si
2556 2760 2625 2820 et
2669 2755 2781 2822 hic

669 2857 1160 2934 detrectaverit,
1241 2861 1310 2921 et
1391 2877 1510 2921 vos
1585 2853 1879 2921 oblatam
1957 2855 2363 2922 occasionem
2458 2856 2778 2923 redeundi

669 2960 1022 3045 arripiatis.
1023 2959 1051 2996 ⁴

761 3061 1024 3153 Tertius
1069 3059 1388 3127 articulus
1433 3058 1789 3123 earundem
1809 3057 1835 3095 ⁵
1893 3058 2267 3123 litterarum
2312 3065 2431 3137 est,
2476 3065 2556 3125 ut
2598 3060 2779 3127 mille
2806 3074 2859 3123 A
2881 3074 3034 3123 thou-

669 3182 922 3227 marcas
966 3182 1086 3246 per
1129 3161 1492 3227 Vivianum
1537 3158 1889 3245 promissas
1948 3159 2437 3247 archiepiscopo
2498 3163 2781 3233 inconti-
2804 3141 3117 3257 ξζξῖιῇῗξὸ

669 3262 908 3329 nenti⁶
949 3263 1278 3339 restituat,
1324 3267 1404 3327 ut
1463 3261 1708 3326 habeat
1751 3261 1929 3327 unde
1987 3261 2197 3348 possit
2262 3266 2611 3349 apparatui
2662 3287 2782 3332 suo

665 3370 736 3429 ct
779 3386 1046 3431 suorum
1091 3364 1454 3429 necessaria
1498 3362 1857 3448 providere.
1952 3364 2151 3442 Quas
2194 3364 2254 3428 si
2296 3386 2365 3429 se
2410 3366 2781 3451 promisisse

667 3468 1020 3542 inficiatur,
1065 3466 1362 3531 reducite
1407 3466 1468 3531 ei
1513 3466 1600 3531 ad
1647 3466 2031 3531 memoriam
2086 3466 2265 3550 quod
2308 3488 2416 3531 eas
2476 3468 2783 3533 similiter

667 3570 848 3654 apud
893 3568 1192 3633 Montem
1250 3567 1627 3651 Martyrum
1693 3567 1999 3652 promisit
2067 3567 2367 3653 episcopo
2436 3568 2782 3655 Sagiensi,⁷

669 3672 784 3756 qui
829 3670 1016 3734 nullo
1061 3669 1254 3734 modo
1300 3668 1598 3733 mandati
1620 3666 1646 3705 ⁸
1705 3669 1871 3732 fines
1936 3669 2291 3733 excederet.
2386 3669 2459 3733 Si
2482 3668 2510 3706 ⁹
2576 3673 2779 3759 perti-

667 3773 896 3837 nacius
943 3771 1268 3837 detrectat
1313 3770 1486 3835 hanc
1531 3770 1881 3855 pecuniam
1928 3770 2217 3845 reddere,
2280 3770 2566 3839 frontem
2634 3794 2779 3841 ves-

669 3879 842 3939 tram
888 3873 1136 3937 sentiat
1181 3893 1316 3949 sua,
1365 3872 1670 3955 quamvis
1729 3872 1929 3935 nimis
1974 3872 2213 3936 attrita
2278 3872 2391 3953 sit,
2434 3873 2778 3949 duriorem.

672 3976 762 4039 Et
804 3979 1169 4060 antequam
1210 3975 1296 4037 ab
1341 3973 1466 4045 hoc
1511 3972 1849 4037 desistatis
1910 3973 2207 4051 articu10,
2253 3974 2543 4039 reditum
2590 3981 2781 4045 tanta

663 4076 1026 4163 procuretis
1073 4075 1398 4141 instantia
1445 4080 1524 4139 ut
1568 4097 1792 4140 omnes
1838 4097 1958 4141 vos
2004 4076 2464 4141 indubitanter
2509 4080 2780 4143 credant

670 4178 1226 4243 transfretaturos.
1351 4176 1429 4243 Si
1506 4181 1733 4241 tamen
1802 4177 2071 4242 demum
2148 4179 2533 4263 apparuerit
2602 4180 2779 4264 quod

737 4391 752 4425 ¹
787 4392 956 4453 citius,
980 4393 1052 4455 A,
1073 4392 1152 4452 23
1187 4406 1286 4441 om.
1311 4392 1372 4440 L.
1846 4390 1867 4422 ⁶
1902 4392 1953 4439 in
1968 4390 2231 4455 prasenti,
2254 4391 2312 4441 Z.

734 4472 756 4503 2
791 4474 894 4535 qui,
919 4469 986 4519 L,
1721 4392 1737 4611 Ι
1848 4468 1869 4505 7
1904 4470 2129 4534 episcopo
2168 4469 2419 4534 Sayiensi,
2453 4470 2524 4534 A,
2558 4472 2641 4534 03
2678 4473 2786 4538 epi-

735 4546 757 4581 8
790 4549 1005 4612 auferet,
1027 4546 1088 4595 L.
1778 4564 1953 4611 scopus
1981 4546 2257 4611 Saqtensis,
2281 4550 2340 4599 L.

732 4627 756 4659 ⁴
788 4628 1080 4693 arripiatis,
1103 4627 1176 4689 A,
1198 4626 1278 4687 03
1303 4625 1590 4691 accipiatis,
1609 4625 1672 4674 1..
1843 4628 1865 4657 ⁸
1900 4628 2161 4687 mandata,
2191 4628 2257 4676 V.

733 4706 754 4737 ⁵
787 4720 1068 4769 earumque,
1091 4705 1170 4765 Οἳ
1207 4720 1334 4757 corr.
1359 4705 1428 4755 A.
1842 4703 1864 4736 ⁹
1900 4703 1989 4752 sed
2006 4705 2072 4765 ei,
2093 4703 2188 4753 ins.
2215 4705 2275 4757 Z.
