3634 5800
674 889 808 940 Μ).
844 872 1063 956 1171.]
1541 891 1902 942 EPISTOLAE.
2647 877 2778 942 467

676 1073 1011 1140 carnifices
1070 1074 1547 1154 immanissimi,
1594 1075 1723 1140 Dei
1782 1075 2018 1140 timore
2062 1079 2458 1161 contempto,
2505 1079 2576 1138 et
2633 1077 2774 1137 tam

676 1171 831 1238 fidei
850 1174 876 1211 ¹
940 1196 1140 1262 quam
1207 1177 1415 1243 totius
1495 1177 1935 1242 humanitatis
2011 1177 2444 1250 immemores,
2509 1173 2778 1241 commi·

676 1283 919 1343 serunt.
1012 1278 1168 1344 Non
1212 1279 1389 1344 enim
1435 1279 1694 1344 suffecit
1753 1279 1848 1344 eis
1909 1279 2230 1364 sanguine
2291 1277 2646 1344 sacerdotis
2708 1279 2776 1340 et
2802 1285 3028 1350 outrage

675 1395 831 1442 nece
896 1377 1237 1464 profanare
1304 1379 1659 1459 ecclesiam,
1724 1384 1792 1444 et
1857 1380 2031 1444 diem
2094 1378 2610 1446 sacratissimum
2673 1378 2776 1442 in-
2802 1351 3076 1468 §232¹ssss-

676 1483 943 1558 cestare,
1016 1481 1145 1546 nisi
1222 1489 1460 1548 corona
1534 1481 1787 1567 capitis,
1863 1501 2062 1566 quam
2161 1481 2330 1546 sacri
2407 1479 2778 1547 chrismatis

666 1575 902 1640 ,unctio
969 1577 1111 1643 Deo
1178 1579 1527 1656 dicaverat,
1592 1583 1955 1664 amputata,
2029 1578 2233 1664 (quod
2297 1578 2498 1642 etiam
2523 1575 2549 1614 ²
2595 1576 2779 1641 dictu

675 1674 993 1743 horribile
1059 1680 1187 1760 est)
1256 1678 1537 1744 funestis
1597 1678 1838 1765 gladiis
1899 1679 2042 1764 jam
2111 1677 2405 1744 defuncti
2467 1677 2779 1762 ejicerent

678 1776 1034 1856 cerebrum,
1080 1784 1151 1844 et
1215 1801 1333 1865 per
1396 1780 1858 1865 pavimentum
1904 1800 2056 1846 cum
2117 1800 2346 1846 cruore
2393 1783 2462 1844 et
2523 1777 2778 1842 ossibus

678 1878 1123 1945 crudelissime
1168 1886 1595 1968 spargerent3
1668 1877 2092 1946 immaniores
2161 1881 2413 1946 Christi
2477 1880 2778 1946 crucifix-

676 1979 919 2059 oribus,
982 1983 1097 2066 qui
1172 1982 1314 2067 ejus
1388 2003 1593 2060 crura,
1663 2002 1859 2068 quem
1905 1983 2144 2048 obiisse
2209 1982 2534 2060 viderant,
2609 1982 2780 2048 sicut

680 2082 897 2147 adhuc
993 2083 1369 2149 viventium
1465 2105 1602 2150 non
1677 2089 2077 2151 censuerunt
2173 2107 2311 2150 esse
2403 2084 2780 2170 frangenda.

680 2183 812 2248 Sed
888 2183 959 2248 in
1056 2183 1161 2250 his
1240 2186 1545 2251 omnibus
1620 2186 2020 2252 cruciatibus
2115 2187 2354 2252 invicti
2429 2186 2637 2252 animi
2712 2189 2780 2250 et

679 2284 1085 2351 admirandae
1148 2287 1539 2352 constantiae
1611 2293 1867 2372 martyr
1933 2309 2054 2353 nec
2129 2286 2408 2352 verbum
2483 2287 2782 2373 protulit,

678 2406 799 2451 nec
866 2387 1209 2452 clamorem
1278 2388 1516 2464 emisit,
1584 2410 1706 2452 nec
1768 2389 1984 2453 edidit
2041 2390 2380 2475 gemitum,
2449 2409 2571 2454 nec
2632 2389 2780 2454 bra-

680 2488 903 2554 chium
949 2494 1069 2554 aut
1132 2495 1385 2556 vestem
1430 2491 1741 2576 opposuit
1785 2489 2066 2569 ferienti,
2113 2491 2230 2556 sed
2275 2495 2493 2577 caput,
2556 2490 2733 2576 quod
2757 2489 2785 2529 ⁸

679 2590 1071 2656 inclinatum
1116 2617 1135 2636 ψ
1165 2591 1405 2679 gladiis
1426 2592 1455 2631 ⁴
1529 2597 1940 2678 exposuerat,
2034 2592 2289 2658 virtute
2377 2592 2780 2670 admiranda,

682 2693 887 2758 donec
954 2695 1536 2771 consummaretur,
1600 2694 1873 2760 tenebat
1935 2693 2312 2774 immobile;
2373 2699 2445 2759 et
2508 2694 2780 2761 tandem

678 2794 753 2858 in
796 2799 1041 2859 terram
1104 2795 1449 2880 procidens
1492 2799 1671 2861 recto
1717 2815 1999 2881 corpore,
2063 2817 2198 2861 non
2263 2796 2497 2881 pedem
2568 2796 2782 2860 movit

676 2906 797 2964 aut
840 2919 1126 2965 manum.

767 3000 1123 3067 Carnifices
1168 3006 1412 3081 autem,
1456 3020 1593 3065 non
1654 3001 1874 3064 minus
1917 2999 2142 3085 cupidi
2203 3020 2404 3085 quam
2465 2999 2780 3077 crudeleS,
2807 3015 3030 3065 Plnnder
3049 3016 3108 3066 of

677 3100 849 3179 inde,
896 3104 1037 3165 tam
1082 3102 1156 3166 in
1214 3102 1412 3188 regiae
1456 3101 1807 3186 potestatis
1853 3121 2052 3185 quam
2099 3099 2346 3165 divinae
2414 3100 2781 3185 majestatis
2805 3082 2894 3131 ‘¹²⁰
2910 3082 3101 3146 P⁸¹⁸⁰⁶·

680 3202 1017 3287 injuriam‚
1065 3202 1150 3267 ad
1228 3201 1517 3267 ecclesiae
1578 3200 1907 3287 palatium
1953 3201 2324 3277 redeuntes,
2401 3201 2780 3267 universam

678 3302 1167 3389 supellectilem,
1214 3308 1283 3369 et
1328 3302 1643 3387 quicquid
1685 3302 1759 3366 in
1804 3301 2063 3368 scriniis
2092 3306 2213 3367 aut
2257 3300 2518 3367 clitellis
2571 3302 2781 3369 archi-

676 3405 963 3491 episcopi
1010 3411 1079 3470 et
1122 3425 1389 3471 suorum
1456 3404 1680 3490 potuit
1746 3404 2052 3481 inveniri,
2097 3404 2239 3469 sive
2284 3404 2356 3467 in
2401 3425 2580 3480 aum,
2642 3404 2783 3469 sive

674 3508 749 3571 in
815 3513 1107 3593 argente,
1174 3512 1295 3571 aut
1360 3504 1675 3583 vestibus,
1720 3511 1842 3570 aut
1903 3505 2109 3569 variis
2178 3506 2602 3581 ornamentis,
2663 3511 2784 3570 aut

676 3608 881 3689 libris,
926 3614 1046 3673 aut
1111 3607 1475 3694 privilegiis
1534 3612 1653 3672 aut
1714 3606 1863 3672 aliis
1925 3606 2444 3692 quibuscumque
2505 3606 2786 3691 script-iS,

676 3716 797 3777 aut
855 3710 1267 3795 equitaturis,
1333 3708 1699 3774 insatiabili
1759 3708 2044 3774 avaritia
2101 3714 2172 3773 et
2229 3708 2557 3793 stupendo
2618 3729 2784 3773 ausu

676 3813 1077 3898 diripienteS,
1126 3833 1221 3889 ea,
1266 3811 1365 3877 'ut
1429 3812 1647 3889 libuit,
1710 3810 1890 3876 inter
1952 3830 2021 3875 se
2085 3810 2503 3885 diviserunt3
2563 3810 2782 3877 imita-

675 3922 851 3982 tores
896 3938 1120 3981 eorum
1163 3915 1325 3981 facti
1372 3915 1488 4000 qui
1547 3915 1723 3979 inter
1766 3936 1836 3978 se
1883 3913 2134 3978 Christi
2177 3914 2574 3979 vestimenta
2632 3934 2780 4000 par·
2881 3998 2888 4005 .

676 4020 791 4085 titi
837 4024 1013 4097 sunt,
1060 4017 1217 4083 licet
1260 4038 1373 4083 eos
1431 4016 1914 4102 quodammodo
1974 4015 2348 4101 praecedant
2405 4015 2478 4078 in
2523 4017 2776 4081 scelere.

678 4121 784 4197 Et,
830 4125 908 4184 ut
952 4120 1251 4205 pontifici
1288 4119 1431 4203 jam
1475 4139 1593 4203 per
1636 4116 2034 4201 martyrium
2082 4122 2390 4181 coronato
2435 4115 2779 4181 hominum

674 4222 892 4309 gratia
935 4222 1321 4296 auferretur,
1367 4219 1589 4284 omnia
1633 4218 1878 4303 scripta
1921 4239 2070 4302 quae
2139 4216 2490 4301 sacrilegus
2551 4218 2780 4303 ,praedo

674 4322 1011 4409 surripuit,
1056 4324 1141 4387 ad
1210 4342 1427 4407 regem
1493 4321 1566 4384 in
1630 4319 2112 4385 Normanniam
2181 4319 2564 4383 transmissa
2607 4326 2780 4385 sunt.

1662 4514 2017 4521 ——w———-
2048 4514 2093 4519 —-
2120 4514 2312 4521 ——--.--
2364 4514 2463 4520 -—.-.-
2492 4515 2597 4521 ..——
2631 4516 2779 4525 -——--—..

742 4670 757 4701 ι
780 4670 910 4731 fide,
932 4670 988 4719 Z·
1832 4638 1854 4671 ³
1889 4636 2021 4701 quod
2043 4636 2348 4699 inclinatum,
2369 4639 2434 4698 Ο,
2457 4640 2526 4699 Ζς
2565 4640 2780 4693 inelina-

739 4774 760 4805 2
793 4774 956 4835 etim,
980 4773 1061 4835 (ὴ
1096 4788 1196 4823 om.
1222 4772 1285 4833 o,
1308 4771 1365 4821 z.
1768 4723 1870 4829 ’Ὗ
1891 4715 2164 4860 gfff&

2303 4878 2510 4941 dez
