3634 5800
538 6 551 27 ι
561 0 685 27 -u-*,‚÷.
703 0 818 24 ενα.-
845 0 872 11 ··

554 26 575 35 ,,

846 824 933 885 88
1726 838 2082 887 EPIs‘roLAE.
2560 824 2722 909 [an.
2762 825 2954 893 1169.

848 1027 1113 1109 quando
1159 1026 1376 1090 exivit
1420 1045 1570 1089 cum
1616 1026 2007 1110 integritate
2051 1025 2359 1111 recipere,
2405 1025 2592 1091 salva
2634 1026 2952 1091 nimirum

850 1126 1136 1211 pristina
1203 1116 1549 1213 dignitate
1597 1126 1787 1212 regni
1853 1126 1975 1202 sui,
2039 1126 2480 1203 concedebat,¹
2529 1132 2599 1192 et
2644 1127 2952 1213 deinceps

850 1228 1019 1293 bene
1064 1234 1133 1293 et
1178 1230 1250 1293 in
1280 1250 1440 1314 pace
1470 1228 1801 1313 possidere
1848 1227 1932 1292 ad
1967 1225 2283 1291 honorem
2314 1227 2458 1293 Dei.
2548 1229 2954 1294 Asserebant

851 1332 1055 1395 etiam
1100 1330 1277 1415 quod
1330 1351 1481 1396 cum
1548 1331 1755 1413 inter·
1794 1330 2138 1394 dominum
2183 1350 2404 1415 regem
2475 1335 2542 1395 et
2604 1331 2954 1416 praedictos

849 1434 1125 1497 nuntios
1170 1439 1423 1497 vestros
1468 1454 1668 1517 super
1712 1432 1836 1497 hoc
1879 1437 2206 1497 tractatus
2237 1432 2556 1517 prolixior
2585 1434 2952 1512 haberetur,

851 1534 1122 1600 tandem
1169 1535 1504 1620 utrimque
1534 1534 1930 1619 complacuit
1973 1539 2054 1598 ut
2099 1554 2207 1599 eos
2239 1534 2354 1619 qui
2399 1540 2756 1620 praesentes
2800 1535 2954 1600 ade-

852 1643 1009 1703 rant
1053 1638 1283 1701 statim
1314 1636 1751 1713 absolverent,
1783 1640 1853 1699 et
1897 1636 1985 1701 ad
2028 1635 2177 1699 illos
2223 1637 2338 1721 qui
2384 1637 2458 1700 in
2485 1638 2734 1723 Anglia
2763 1641 2955 1703 erant

853 1739 1295 1804 absolvendos
1340 1739 1511 1804 alter
1575 1759 1823 1815 eorum,
1868 1737 2184 1803 videlicet
2244 1739 2565 1824 magister
2609 1738 2958 1817 Vivianus,

850 1842 1030 1907 illico
1073 1842 1408 1922 transiret,
1456 1841 1626 1906 alter
1690 1841 1776 1905 ad
1827 1839 2149 1905 condictae
2215 1841 2399 1925 pacis
2464 1842 2954 1907 exsecutionem

852 1948 1237 2009 remaneret.
1317 1943 1747 2008 Postmodum
1779 1960 1938 2006 vero
1969 1945 2276 2015 revocato
2307 1963 2502 2027 quem
2533 1943 2957 2029 praebuerant

852 2065 1193 2121 consensu,
1239 2044 1519 2109 verbum
1565 2043 2030 2108 conservandae
2077 2043 2149 2106 in
2194 2047 2532 2129 posterum
2575 2044 2774 2129 πρίω
2805 2044 2954 2130 ‹My-

854 2144 1100 2211 nitatis
1129 2144 1488 2209 admittere
1532 2144 1912 2219 noluerunt,
1944 2163 2024 2207 ea
2068 2164 2217 2227 quae
2261 2143 2522 2208 utiliter
2566 2150 2636 2209 et
2679 2146 2954 2231 provide

855 2248 1162 2313 ordinata
1204 2247 1472 2311 fuerant
1530 2246 1805 2331 exsequi
1873 2249 2264 2322 recusanteS,
2311 2250 2633 2331 tanquam
2697 2249 2768 2312 in
2829 2247 2956 2313 hoc

853 2348 1061 2415 verbo
1104 2349 1360 2433 aliquid
1406 2347 1862 2413 ecclesiasticae
1908 2348 2226 2432 dignitati
2274 2347 2737 2433 derogaretur3
2786 2371 2954 2427 cum,

852 2450 1159 2517 omnibus
1204 2451 1427 2515 sanius
1474 2453 1543 2515 et
1586 2455 1762 2515 recte
1825 2448 2371 2535 intelligentibus,
2425 2450 2734 2515 videatur
2781 2452 2956 2537 quod

854 2552 1147 2637 dignitas
1222 2552 1404 2639 regia
1478 2551 1991 2628 ecclesiasticam
2059 2550 2387 2636 provehat
2452 2552 2679 2637 potius
2753 2574 2954 2637 quam

853 2654 1115 2743 minuat
1144 2653 1559 2738 dignitatem,
1592 2653 1765 2718 sicut
1793 2673 1984 2717 versa
2020 2652 2158 2717 vice
2202 2652 2640 2719 ecclesiastica
2683 2653 2955 2719 libertas

852 2756 1104 2841 regiam
1150 2754 1434 2819 adornat
1497 2758 1569 2820 et
1635 2758 1997 2819 veneratur
2059 2753 2496 2837 majestatem.
2587 2754 2710 2821 Est
2777 2757 2953 2820 enim

850 2856 927 2921 in
970 2856 1076 2922 his
1121 2857 1381 2923 duabus
1427 2856 1625 2922 rebus
1670 2855 2090 2921 firmissimus
2130 2854 2577 2921 amicitiarum
2623 2858 2854 2936 nodus,
2886 2862 2956 2926 et

852 2961 1067 3025 amica
1110 2959 1452 3036 connexiO,
1498 2981 1649 3024 cum
1704 2963 1775 3023 et
1833 2959 2088 3044 regiam
2133 2957 2599 3028 excellentiam
2661 2960 2956 3047 dignitas

854 3062 1295 3128 ecclesiastica
1361 3061 1706 3146 provehat,
1770 3067 1841 3125 et
1904 3081 2133 3146 pacem
2200 3060 2713 3135 ecclesiasticam
2775 3065 2959 3150 regia

852 3167 1199 3232 conservet
1258 3163 1638 3234 auctoritas,
1728 3161 1872 3226 Nos
1932 3162 2177 3245 itaque,
2225 3163 2648 3247 paternitatis
2713 3171 2956 3231 vestrae

850 3266 1131 3352 genibus
1176 3261 1523 3342 obvoluti,²
1567 3267 1822 3348 quanta
1880 3284 2228 3348 possumus
2273 3264 2759 3349 supplicatione
2815 3267 2955 3354 pie·

852 3373 1061 3433 tatem
1106 3372 1399 3432 vestram
1444 3385 1811 3441 exoramus,
1843 3385 1928 3428 ne
1973 3363 2047 3427 in
2094 3369 2284 3430 tanto
2315 3387 2536 3429 rerum
2579 3365 2954 3434 discrimine

849 3472 1225 3536 litterarum
1257 3469 1476 3554 apices
1508 3471 1577 3532 et
1605 3467 1962 3532 verborum
1993 3467 2456 3551 conceptiones
2501 3469 2725 3552 potius
2754 3491 2955 3555 quam

755 3565 759 3570 ’
852 3572 1067 3658 ipsam
1140 3569 1451 3654 amplecti
1524 3567 1748 3633 velitis
1817 3568 2174 3632 veritatem
2259 3568 2390 3646 sed,
2445 3567 2648 3652 juxta
2721 3571 2955 3636 datum

853 3674 1044 3738 vobis
1089 3694 1131 3738 a
1174 3671 1317 3737 Deo
1371 3670 1786 3735 discretionis
1833 3675 1902 3734 et
1962 3670 2221 3735 consilii
2265 3669 2593 3755 spiritum,
2641 3671 2957 3739 dormitet

852 3773 1345 3860 aliquantulum
1390 3773 1571 3858 apud
1615 3793 1737 3837 vos
1798 3772 2124 3837 severitas
2170 3771 2556 3857 disciplinae,
2604 3776 2684 3836 ut
2744 3775 2956 3862 magis

852 3876 1155 3963 proficiat
1198 3873 1638 3938 mansuetudo
1702 3873 1940 3960 gratiae
2002 3877 2071 3938 et
2130 3872 2544 3957 benignitas:
2605 3879 2673 3938 et
2741 3897 2956 3944 causae

854 3977 1073 4053 unius,
1116 3975 1291 4040 sicut
1360 3974 1546 4059 pium
1612 3978 1874 4059 patrem
1944 3973 2146 4049 decet,
2196 3971 2561 4038 multorum
2613 3981 2735 4038 aut
2779 3982 2954 4042 certe

854 4075 1440 4144 innumerabilium
1486 4075 1856 4161 periculum
1901 4081 1971 4140 et
2015 4074 2366 4139 discrimen
2409 4074 2800 4160 praeferatis.

921 4305 939 4338 ¹
978 4301 1287 4361 concedebat,
1311 4301 1393 4362 A;
1430 4299 1690 4359 concedat,
1715 4299 1777 4348 L.
1911 4295 1921 4364 Ι
2016 4297 2038 4330 2
2071 4294 2310 4361 obvoluti,
2337 4299 2408 4361 A,
2433 4297 2497 4358 0,
2521 4299 2595 4358 23
2628 4297 2871 4364 advoluti,
2893 4302 2954 4352 L.
