3634 5800
704 902 836 951 An
872 884 1093 969 1171.]
1572 900 1937 951 Emsromz.
2685 889 2812 951 455

706 1086 779 1151 in
824 1088 1169 1173 sanguinis
1216 1088 1485 1155 innocui
1514 1088 1661 1155 luto
1708 1090 1803 1156 sic
1834 1090 2091 1156 defixus
2141 1090 2362 1168 fueris»,
2413 1111 2558 1157 ecce
2597 1090 2812 1157 factus

706 1212 775 1255 es
844 1191 986 1256 sine
1053 1212 1291 1257 corona
1364 1197 1433 1257 et
1498 1192 1639 1258 sine
1731 1194 2123 1259 substantia.
2280 1194 2338 1258 O
2393 1194 2812 1259 durissimam

705 1294 1051 1379 sanguinis
1119 1295 1469 1381 Andegavi
1548 1300 1832 1361 sortem!
1932 1295 1990 1361 Ο
2037 1296 2478 1361 miserabilem
2521 1295 2809 1381 Angliae,

705 1395 892 1480 regni
956 1397 1287 1480 quondam
1362 1396 1826 1476 florentissimi,
1895 1400 2181 1463 statum!
2253 1396 2534 1476 Quando
2609 1401 2811 1481 caput

708 1497 903 1574 dolet,
968 1498 1291 1563 sentimus
1354 1503 1593 1564 caetera
1658 1499 1954 1565 membra
2021 1499 2255 1565 dolere.
2365 1499 2511 1563 Rex
2577 1499 2805 1585 populi

710 1598 817 1663 sui
845 1604 1061 1686 caput,
1094 1604 1295 1686 caput
1324 1605 1548 1666 autem
1579 1601 1753 1686 regis
1784 1598 2107 1666 Christus,
2177 1600 2478 1665 Innocuo
2505 1600 2803 1664 nocendo

710 1702 1039 1766 insontem
1104 1702 1431 1781 caedendo,
1490 1702 1787 1769 cecidisti
1855 1724 2012 1769 casu
2075 1708 2215 1767 tam
2297 1702 2661 1787 pernicioso
2731 1706 2809 1767 ut

709 1824 949 1888 magna
994 1803 1084 1868 sit
1128 1802 1273 1883 tibi,
1305 1804 1673 1890 Anglorum
1704 1804 1925 1891 capiti,
1969 1804 2226 1870 inflicta
2268 1803 2618 1883 contriti03
2662 1804 2810 1889 quis

708 1904 1082 1970 medebitur
1148 1906 1305 1971 tui?
1370 1906 1435 1970 A
1498 1907 1717 1993 capite
1784 1906 1979 1972 foetet
2039 1906 2514 1992 qualiscunque
2573 1906 2812 1992 piscis;

706 2004 938 2091 populi
982 2004 1333 2071 infirmitas
1378 2028 1421 2071 a
1465 2028 1615 2093 rege
1673 2007 1891 2093 capite
1936 2027 2056 2071 suo
2117 2006 2372 2085 defluit,
2418 2006 2576 2091 quia
2619 2005 2811 2069 illum

709 2128 840 2192 quo
914 2107 1065 2172 vult
1126 2108 1468 2174 convertit.
1564 2108 1946 2175 Consularis
2009 2109 2173 2175 satis
2219 2130 2545 2194 superque
2609 2113 2812 2174 notus

709 2207 940 2274 scribit
968 2209 1056 2273 ad
1087 2209 1567 2295 Sempronium,
1599 2212 1778 2297 quod
1822 2212 2000 2277 inter
2042 2216 2196 2277 tuos
2241 2212 2588 2277 observare
2631 2211 2807 2290 licet,

708 2331 893 2375 secus
936 2332 1016 2375 ac
1060 2312 1133 2375 in
1170 2313 1547 2397 corporibus
1598 2314 1698 2379 ita
1726 2314 1799 2377 in
1831 2314 2122 2399 imperio.
2217 2313 2662 2379 Gravissimus
2712 2318 2813 2377 est

709 2411 975 2477 morbus
1036 2413 1151 2499 qui
1195 2434 1237 2479 a
1296 2415 1512 2501 capite
1574 2414 1974 2480 diffunditur
2018 2415 2101 2480 de
2161 2420 2426 2481 mortuo
2486 2415 2679 2481 corde
2739 2416 2813 2479 in

710 2538 976 2602 corpore
1064 2517 1372 2585 humanO.
1498 2519 1677 2599 Quid
1773 2519 2061 2605 amplius
2155 2540 2306 2584 caro
2380 2522 2608 2583 nostra
2680 2518 2814 2583 nisi

708 2620 969 2698 vermis,
1036 2620 1249 2698 foetor,
1298 2626 1367 2687 et
1412 2622 1689 2689 horror?
1757 2622 2105 2689 Parricidii
2161 2622 2434 2687 crimine
2495 2622 2813 2687 suffocato

710 2728 780 2788 te
846 2722 1319 2789 Britannorum
1394 2724 1602 2803 corde,
1678 2724 1843 2809 quid
1917 2724 2099 2790 valet
2173 2724 2474 2810 populus,
2551 2729 2620 2789 et
2693 2745 2814 2789 nos

709 2846 1027 2913 pauperes
1094 2825 1459 2904 erimicolae,
1526 2825 1761 2891 famuli
1830 2825 1980 2892 tui?
2049 2825 2262 2891 Valde
2326 2831 2638 2912 expertus
2701 2826 2814 2890 ille

713 2928 828 3014 qui
903 2926 1183 3006 dicebat,
1260 2935 1294 2963 “
1318 2927 1549 3008 Qualis
1622 2949 1760 3006 rex,
1835 2928 1991 2994 talis
2067 2933 2138 2994 et
2210 2928 2496 3015 populus
2585 2927 2728 3013 ejus
2750 2933 2796 3000 ,⁸

711 3049 996 3116 namque
2641 3069 2646 3074 ⁴

1784 3151 1820 3179 “
1841 3145 2260 3232 componitur
2303 3144 2480 3210 orbis

982 3254 1020 3280 “
1062 3245 1264 3332 Regis
1308 3246 1396 3312 ad
1442 3247 1872 3334 exemplum‚’'

716 3362 1083 3442 Quodnam,
1113 3361 1285 3426 heu!
1330 3365 1399 3426 et
1442 3362 1709 3448 augusti
1754 3363 1928 3449 regis
1972 3364 2091 3428 das
2151 3364 2343 3430 nobis
2389 3364 2818 3451 exemplum?

712 3466 797 3531 In
842 3464 1101 3530 oraculo
1146 3464 1509 3528 testimonii
1555 3465 1687 3530 duo
1730 3464 2070 3531 cherubim
2116 3488 2201 3531 ex
2267 3467 2450 3553 ligno
2495 3467 2818 3532 olivarum

712 3567 919 3633 factos
965 3587 1256 3652 auroque
1302 3570 1527 3631 textos
1548 3564 1573 3603 ¹
1636 3569 1863 3652 posuit
1921 3589 2200 3656 magnus
2260 3569 2633 3655 prudentiss
2699 3592 2818 3635 rex

714 3669 936 3747 Israel,
982 3669 1069 3734 ad
1132 3668 1291 3754 quid
1357 3689 1691 3754 supremas
1755 3651 2116 3755 potestates
2183 3671 2686 3738 ecclesiasticam
2751 3677 2820 3738 et

715 3771 1141 3857 temporalem
1232 3770 1375 3835 Deo
1465 3769 1826 3837 officiantes
1890 3773 2169 3838 caritate
2243 3780 2314 3839 et
2387 3774 2818 3860 benignitate,

715 3873 1110 3940 decorandos
1156 3872 1487 3951 edocebat,
1533 3873 1721 3959 cujus
1764 3876 2024 3960 generis
2070 3876 2400 3941 olivarum
2445 3883 2590 3943 erat
2649 3877 2819 3942 illud

713 3977 1022 4062 lignqu
1110 3975 1218 4038 Ex
1263 3996 1393 4061 quo
1439 3979 1508 4040 te
1553 3975 1988 4061 compositum
2041 3977 2356 4044 clamabit
2416 3979 2820 4065 posteritas?

714 4079 877 4145 dum
922 4077 1133 4142 Ahias
1177 4076 1505 4142 Selonites
1566 4077 1972 4145 Israeliticus
2035 4081 2515 4167 colloqueretur
2572 4084 2646 4146 in
2707 4084 2822 4148 via

712 4201 865 4247 cum
909 4178 956 4244 J
958 4178 1277 4256 eroboam,
1323 4182 1561 4243 onusto
1624 4201 1709 4244 ex
1774 4181 2070 4247 scissuris
2136 4181 2322 4268 pallii
2383 4185 2543 4249 novi
2603 4205 2822 4270 regem

716 4281 921 4347 Israel
967 4279 1245 4346 vocabat
1304 4280 1656 4347 lucernam.
1749 4282 1930 4364 Quid
1974 4289 2077 4348 est
2119 4284 2294 4351 hoc?
2360 4285 2471 4349 Ad
2536 4283 2822 4352 nihilum

717 4384 901 4449 valet
943 4383 1213 4448 lucerna
1256 4383 1386 4446 nisi
1431 4383 1727 4448 abundet
1772 4385 1914 4450 oleo
1960 4407 2109 4452 cum
2172 4387 2437 4453 lumine.
2534 4389 2644 4455 Ita
2702 4411 2822 4454 rex

718 4485 1147 4572 quantumvis
1207 4483 1465 4570 fulgeat
1508 4505 1687 4562 auro,
1732 4487 2009 4572 gemmis
2069 4489 2142 4552 in
2186 4495 2442 4577 sceptro
2503 4492 2823 4557 radianti-

784 4739 801 4772 ¹
837 4747 1012 4801 textos,
1057 4740 1215 4788 Mart.
1311 4741 1411 4789 But
1468 4741 1555 4789 the
1612 4747 1724 4790 truc
1820 4745 1853 4769 “
1897 4743 2050 4793 Texit
2095 4759 2295 4809 quoque
2341 4748 2601 4798 cherubim
2650 4751 2830 4814 auro,’'

716 4820 927 4886 reading
949 4833 1158 4884 appears
1193 4819 1326 4869 from
1365 4819 1451 4870 the
1482 4821 1723 4886 Vulgate,
1821 4837 1872 4871 v.
1896 4827 1978 4871 28.

2844 3582 2950 3632 111.
2981 3581 3110 3644 neg.

2845 3648 2914 3700 vi.
2939 3652 3120 3698 23-28.
