3634 5800
665 904 803 956 Aa).
829 889 1052 976 1170.]
1557 904 1923 956 nrm-our..
2646 887 2779 958 287

665 1091 850 1156 tibus
911 1115 1132 1158 rerum
1191 1097 1472 1160 eventus
1532 1093 1632 1159 ita
1677 1113 1821 1158 esse
1885 1091 2243 1158 convincit.
2368 1093 2535 1160 Ecce
2581 1094 2779 1173 enim,

666 1215 816 1262 cum
862 1216 999 1283 pax
1028 1202 1257 1263 nostra
1307 1198 1511 1282 (sicut
1554 1196 1753 1262 multi
1798 1196 2165 1284 noverunt)
2213 1202 2384 1262 esset
2424 1198 2497 1262 in
2533 1197 2780 1283 januis,

669 1303 740 1363 et
783 1299 1054 1365 ecclesia
1105 1299 1418 1366 solatium
1489 1303 1598 1383 (ut
1641 1298 2071 1386 putabamus)
2126 1297 2351 1364 efficax
2415 1321 2457 1364 a
2500 1301 2778 1366 sanctis-

667 1402 834 1467 simo
866 1403 1132 1469 domino
1163 1409 1392 1470 nostro
1408 1402 1433 1441 ¹
1465 1403 1766 1468 Romano
1795 1400 2109 1488 pontifice
2148 1403 2520 1488 accepisset,
2550 1424 2776 1488 super-

669 1503 1010 1570 venientes
1054 1506 1280 1571 nuntii
1325 1505 1498 1592 regis
1543 1504 1968 1570 abstulerunt
2028 1523 2275 1590 pacem,
2322 1509 2408 1583 et,
2454 1505 2777 1571 absolutis

667 1606 1250 1672 excommunicatis
1295 1606 1560 1683 nostris,
1589 1605 1794 1671 etiam
1836 1626 2022 1691 spem
2062 1605 2617 1672 reconciliationis
2646 1608 2777 1672 visi

665 1713 827 1772 sunt
869 1707 1289 1793 praeclusisse.
1383 1707 1726 1794 Siquidem
1773 1706 2344 1772 denuntiaverunt
2384 1708 2479 1772 eis
2510 1713 2580 1773 et
2626 1709 2777 1774 aliis

664 1808 1060 1874 adversariis
1105 1809 1409 1888 ecclesiae,
1441 1814 1537 1887 ut,
1583 1809 1642 1873 si
1686 1807 1981 1884 libuerit,
2013 1829 2131 1872 sex
2178 1829 2505 1874 annorum
2549 1811 2774 1895 appel-

665 1910 961 1990 lationes,
1030 1934 1192 1998 quas
1257 1913 1504 1978 totiens
1575 1911 1907 1996 prosecuti
1931 1908 1958 1946 ²
2028 1931 2255 1976 sumus
2315 1916 2385 1977 et
2436 1912 2775 1978 interdum

661 2012 1087 2090 obtinuimus,
1134 2018 1619 2100 prosequantur
1663 2013 1736 2077 in
1795 2011 1971 2077 festo
2038 2012 2222 2077 beati
2278 2014 2495 2091 Lucae,
2538 2015 2773 2080 scituri
2822 2049 2835 2059 ·

664 2115 841 2199 quod
905 2115 998 2180 eis
1059 2116 1320 2180 nullum
1387 2115 1672 2190 honoris,
1739 2112 1953 2192 officii,
2008 2113 2330 2191 beneficii,
2394 2120 2515 2181 aut
2578 2116 2772 2184 famae

663 2213 1083 2301 dispendium
1149 2216 1578 2302 generabitur
1642 2237 1728 2280 ex
1791 2214 1917 2280 hoc
1981 2214 2159 2299 quod
2222 2221 2413 2281 tanto
2478 2221 2772 2303 tempore

661 2318 1214 2384 excommunicati
1257 2317 1551 2382 fuerunt.
1645 2316 1955 2400 Namque
1975 2311 2002 2352 ³
2044 2315 2114 2379 in
2146 2337 2222 2380 eo
2273 2318 2563 2383 maxime
2592 2321 2773 2405 apud

663 2423 990 2484 nostrates
1029 2420 1303 2506 justitia
1346 2419 1534 2505 viget
1579 2417 2041 2494 ecclesiastica,
2090 2419 2286 2502 quod,
2331 2420 2449 2503 qui
2510 2442 2769 2487 excom-

662 2521 1178 2588 municationem
1243 2543 1362 2608 per
1406 2541 1659 2586 annum
1707 2520 2047 2585 sustinent
2112 2522 2333 2586 notari
2394 2522 2610 2589 solent
2668 2525 2769 2589 in-

661 2622 880 2688 famia.
974 2623 1106 2690 Sed
1136 2644 1282 2689 ecce
1327 2624 1415 2688 ab
1435 2623 1462 2661 ⁴
1505 2622 1707 2707 hujus
1753 2623 2083 2687 novitatis
2130 2622 2449 2708 exemplo,
2480 2629 2551 2690 et
2578 2627 2769 2710 quasi

663 2725 1020 2810 apostolico
1065 2725 1413 2812 privilegio
1465 2723 1643 2810 quod
1675 2723 2059 2789 continetur
2100 2724 2175 2787 in
2219 2723 2480 2804 litteris,
2512 2725 2767 2792 solutus

665 2830 764 2890 est
823 2825 1298 2892 ecclesiasticus
1344 2826 1548 2913 vigor.
1667 2823 1849 2906 Quid
1914 2845 2069 2911 ergo
2132 2830 2450 2911 superest,
2495 2827 2624 2894 nisi
2690 2835 2768 2894 ut

661 2927 912 2993 nullius
956 2929 1274 2994 momenti
1323 2928 1414 2993 sit
1457 2928 1636 3013 apud
1685 2926 2124 3013 provinciales
2170 2930 2519 3007 sententia,
2567 2952 2767 3016 quam

659 3030 802 3095 sine
878 3032 1059 3096 omni
1133 3052 1334 3117 poena
1397 3029 1630 3094 vident
1706 3035 1847 3094 tam
1924 3028 2118 3095 facile
2185 3051 2373 3115 posse
2442 3033 2766 3100 dissolvi?

657 3131 706 3195 J
705 3137 1070 3197 uraverunt
1144 3138 1390 3210 tamen,
1459 3136 1538 3196 ut
1613 3130 1875 3207 dicitur,
1944 3152 2012 3196 se
2088 3136 2377 3198 staturos
2452 3137 2766 3202 mandato

658 3232 910 3298 domini
956 3255 1164 3319 papae,
1210 3234 1327 3301 sed
1373 3232 1762 3319 praecipitur
1805 3253 1945 3297 esse
1993 3233 2467 3300 absconditum.
2582 3238 2765 3304 Deus

656 3336 862 3401 bone!
955 3336 1133 3415 Quid
1180 3337 1277 3401 rei
1325 3341 1441 3413 est,
1493 3335 1688 3421 quod,
1739 3356 1889 3420 quse
1935 3340 2165 3400 contra
2209 3335 2546 3403 ecclesiam
2594 3340 2766 3405 fiunt

657 3437 932 3505 licenter
976 3440 1430 3525 praedieantur
1472 3440 1548 3503 in
1592 3440 1734 3503 foro
1799 3443 1881 3502 ut
1924 3438 2105 3503 trahi
2164 3439 2423 3523 possint
2481 3443 2568 3508 ad
2612 3465 2764 3510 con·

657 3541 1112 3627 sequentiam3
1159 3546 1230 3607 et
1275 3540 1530 3627 si'quid
1574 3560 1696 3626 pro
1727 3537 1998 3604 ecclesia
2043 3539 2138 3617 fit,
2170 3540 2357 3627 cujus
2388 3546 2764 3632 exemplum

656 3642 868 3728 possit
933 3664 1072 3708 esse
1137 3642 1474 3709 laudabile
1542 3648 1612 3707 et
1673 3641 1983 3727 prodesse
2053 3641 2125 3704 in
2189 3648 2541 3726 posterum,
2594 3647 2763 3713 illud

656 3744 1018 3830 apostolica
1061 3746 1250 3811 sedes
1287 3746 1490 3832 jubet
1533 3744 1903 3811 abscondi?
2027 3742 2199 3808 Cum
2246 3766 2400 3831 ergo
2444 3748 2539 3814 sic
2582 3752 2762 3836 apud

652 3868 790 3925 vos,
833 3844 1354 3932 praevalentibus
1399 3846 1776 3912 fautoribus
1822 3845 1995 3932 regis
2054 3851 2175 3910 aut
2218 3848 2441 3933 potius
2485 3852 2763 3919 malitiae

655 3954 777 4014 aut
793 3949 820 3988 ⁵
863 3951 1162 4034 pecuniae
1207 3948 1638 4025 amatoribus,
1671 3968 1871 4013 causa
1904 3946 2161 4013 Christi
2208 3953 2546 4030 tractetur,
2574 3975 2691 4019 cur
2718 3978 2760 4021 a

649 4050 842 4116 nobis
908 4051 1203 4137 exigitur
1263 4057 1343 4115 ut
1403 4050 1676 4115 nuntios
1739 4050 2089 4115 mittamus
2156 4051 2506 4135 sapientes,
2569 4058 2759 4140 quasi

653 4173 772 4217 vos
813 4152 944 4237 ipsi
989 4173 1126 4217 non
1169 4152 1534 4217 debueritis
1579 4156 1719 4217 tam
1758 4150 2013 4235 justam
2052 4170 2315 4217 causam
2363 4158 2505 4219 tam
2548 4159 2759 4223 mani-

652 4253 891 4319 festam
940 4254 1307 4331 defendere,
1339 4254 1537 4319 etiam
1572 4252 1948 4318 tacentibus
1988 4252 2363 4318 universis?
2454 4256 2563 4321 Ad
2590 4257 2717 4325 hoc
2734 4260 2761 4297 ⁶

724 4493 741 4525 ¹
778 4492 973 4542 donum
996 4498 1185 4552 nostro,
1200 4492 1268 4551 A,
1294 4491 1362 4552 Ο,
1383 4454 1457 4550 23
1487 4498 1660 4555 parre,
1747 4477 1851 4527 ⁸¹¹3
1874 4476 1921 4528 0
1944 4478 2069 4528 ¹0⁸st
2103 4476 2205 4527 Vix
2228 4494 2321 4540 “03
2356 4481 2549 4544 13119118,
2572 4484 2755 4545 Unde?

651 4570 700 4621 L
725 4570 995 4637 (omitting
1015 4572 1232 4633 nostro).
1747 4554 1808 4615 Ζ,
1840 4554 2013 4615 Unde,
2033 4555 2155 4606 with
2178 4557 2259 4607 vel
2293 4559 2389 4610 Vir
2414 4561 2522 4611 Dei
2538 4561 2710 4615 interl.

719 4672 742 4704 ²
765 4673 1039 4739 persecuti,
1059 4672 1128 4723 A.
1814 4631 1839 4745 ἒ
1870 4632 2036 4765 zd’zo·
2056 4640 2327 4765 23¹}le

719 4774 742 4807 ⁸
775 4774 1008 4840 Namque
1029 4775 1074 4827 is
1094 4775 1281 4826 Brial’s
1311 4774 1539 4843 reading·
1607 4777 1660 4827 A
1700 4770 1706 4841 ῐ
1815 4791 1838 4823 ⁶
1872 4750 1949 4843 Αέ
1968 4751 2053 4843 fo'r
2074 4792 2147 4844 aa
2166 4752 2275 4857 200⁶,
2298 4796 2373 4857 123
2408 4796 2513 4860 noc,
2535 4814 2635 4850 om.
2662 4803 2727 4855 v.
