3634 5800
636 870 767 920 Aso.
806 850 1029 936 1170]
1532 865 1896 915 EPISTOLAE.
2623 848 2750 910 425

634 1072 962 1136 personae,
1032 1053 1340 1138 omnique
1411 1052 1537 1137 maj
1546 1072 1689 1117 ores
1754 1050 2156 1136 exceptione,
2241 1046 2410 1111 mihi
2473 1044 2757 1110 fideliter

634 1152 947 1221 innotuit.
1042 1155 1235 1221 Nihil
1325 1176 1622 1240 unquam
1698 1154 1771 1217 in
1847 1149 2448 1219 consecrationibus
2525 1167 2755 1233 regum
2781 1150 3084 1217 Regularity

637 1256 819 1343 exigi
858 1258 1027 1323 solet
1094 1263 1214 1323 aut
1270 1257 1537 1344 requiri,
1584 1257 1760 1343 quod
1806 1278 1848 1321 a
1891 1253 2328 1321 consecrando
2373 1272 2509 1317 non
2553 1249 2756 1314 fuerit
2780 1218 3090 1335 affine-oro-

638 1356 1029 1445 diligentius
1061 1360 1455 1445 requisitum
1486 1364 1557 1425 et
1586 1359 2061 1425 exuberantius
2089 1355 2540 1441 adimpletum.
2632 1351 2679 1416 J
2679 1372 2754 1416 u-

634 1461 815 1525 ravit
878 1463 1054 1527 enim
1118 1463 1313 1541 filius,
1382 1468 1573 1549 patre
1634 1462 1711 1526 id
1772 1461 2195 1527 affectuosius
2212 1458 2238 1497 ¹
2282 1458 2642 1523 mandante
2687 1458 2758 1519 et

636 1561 1003 1629 districtius
1079 1565 1467 1650 imperante,
1544 1570 1832 1650 utraque
1902 1586 2105 1628 manu
2181 1583 2378 1648 super
2452 1562 2757 1624 sanctum

642 1664 871 1745 altare,
918 1688 1138 1733 coram
1182 1668 1418 1754 positis
1465 1666 1828 1753 evangeliis
1891 1671 1959 1731 et
2003 1670 2379 1731 sanctorum
2443 1660 2756 1746 reliquiis,

638 1767 952 1852 quicquid
997 1768 1451 1835 ecclesiasticae
1496 1769 1826 1833 libertatis
1871 1767 1980 1832 vel
2011 1766 2360 1853 dignitatis
2407 1764 2479 1827 in
2509 1782 2755 1829 canone

638 1870 1051 1949 continetur3
1099 1870 1272 1956 quia,
1320 1892 1513 1956 quem
1537 1868 1563 1907 ²
1608 1871 1745 1935 ritu
1792 1868 2174 1936 Christiano
2203 1867 2566 1934 consecrari
2611 1887 2756 1952 pos-

636 1970 913 2050 tulabat,
988 1970 1387 2038 Christianis
1456 1972 1749 2059 profecto
1801 1971 2058 2059 legibus
2118 1970 2336 2036 voluit
2404 1968 2755 2053 subjacere·

639 2073 834 2138 Nihil
922 2075 1022 2139 ibi
1098 2076 1369 2140 omnino
1461 2076 1543 2141 de
1622 2074 2071 2161 quarumlibet
2091 2070 2118 2111 ³
2207 2072 2757 2139 consuetudinum

638 2177 866 2241 sonuit
930 2177 1339 2255 diversitate,
1412 2199 1610 2263 super
1674 2198 1808 2262 qua
1829 2174 1856 2214 4
1899 2175 2383 2240 beatitudinem
2449 2178 2756 2248 vestram,

636 2278 811 2341 sicut
881 2300 965 2342 ex
1007 2285 1239 2344 tenore
1285 2278 1589 2364 rescripti
1660 2279 1864 2342 datur
1929 2276 2236 2363 intelligi,
2298 2275 2758 2341 fraudulenter

637 2379 947 2444 novimus
1024 2381 1561 2447 circumventam.
1653 2380 2108 2445 Nihilominus
2173 2384 2400 2443 tamen
2471 2374 2758 2463 episcopi

638 2503 775 2547 non
856 2482 1216 2560 conventi,⁵
1288 2503 1424 2547 non
1491 2481 1701 2559 citati,
1775 2482 2084 2562 inauditi,
2159 2481 2380 2545 subito
2455 2479 2758 2565 sagittati

634 2588 810 2663 sunt,
867 2591 936 2650 et
1004 2585 1343 2650 humiliati
1419 2586 1619 2672 pedes
1693 2606 1922 2649 eorum
1998 2585 2071 2646 in
2137 2582 2580 2669 compedibus„
2641 2581 2757 2665 qui

636 2688 969 2753 mandatis
1039 2689 1415 2775 apostolicis
1482 2688 1870 2774 obsequium
1939 2687 2222 2751 fideliter
2284 2686 2756 2771 praestiterunt,

636 2794 707 2854 et
750 2796 1031 2877 uterque
1075 2812 1307 2877 regum
1352 2791 1543 2877 gravi
1573 2811 1858 2856 moerore
1903 2788 2258 2865 confectuS,
2305 2788 2420 2873 qui
2465 2788 2538 2851 in
2569 2788 2756 2873 igno-

634 2892 913 2960 miniam
944 2916 1129 2960 suam
1164 2893 1343 2980 quod
1373 2898 1597 2960 actum
1640 2898 1743 2960 est
1788 2893 2180 2960 existimant
2223 2891 2484 2978 plenius
2513 2890 2752 2956 redun-

636 2993 812 3060 dare.
903 2995 1112 3061 Facta
1190 3001 1349 3060 sunt
1424 3016 1579 3082 ergo
1653 2994 2016 3061 novissima
2092 2994 2320 3080 pejora
2407 2993 2753 3079 prioribuS,

633 3099 947 3183 quoniam
1018 3120 1155 3165 una
1228 3101 1413 3185 prius
1479 3099 1751 3165 ecclesia
1816 3099 2179 3175 laborante,
2257 3097 2488 3162 multis
2562 3097 2756 3162 modo

635 3201 959 3286 pernicies
1035 3202 1345 3267 imminet
1422 3206 1491 3266 et
1554 3201 1947 3278 lamentum,
2009 3222 2160 3266 cum
2239 3198 2315 3263 in
2379 3198 2504 3264 hoc
2579 3199 2754 3265 facto

634 3302 807 3368 circa
824 3300 851 3340 ⁶
918 3323 1231 3388 personas
1295 3303 1763 3370 ecclesiasticas
1831 3301 2026 3366 ambo
2095 3323 2281 3387 reges
2357 3301 2444 3364 ad
2519 3322 2756 3386 graves

636 3403 1025 3470 inimicitias
1070 3409 1529 3492 provocentur.

745 3506 1207 3593 Supplicamus
1283 3527 1436 3594 ergo
1530 3505 1972 3572 dilectissimae
2085 3504 2276 3570 nobis
2366 3505 2756 3591 paternitati
2783 3515 2895 3596 [rho
2920 3529 3052 3579 pope

631 3611 889 3685 vestrae,
936 3609 1042 3674 cui
1089 3609 1383 3674 omnium
1429 3608 1848 3675 ecclesiarum
1902 3612 1971 3672 et
2013 3628 2440 3693 personarum
2487 3629 2710 3674 curam
2733 3595 2759 3638 ⁷
2783 3597 2828 3632 ¹⁸
2851 3599 2929 3632 ’θ’

2881 3665 2905 3698 8

632 3731 676 3775 a
712 3709 999 3776 Domino
1046 3711 1460 3800 commissam
1506 3733 1647 3776 esse
1718 3710 2163 3797 cognovimus,
2209 3715 2538 3794 quatenus
2605 3731 2757 3776 aue·
2779 3651 2994 3765 :ffirffig
3016 3659 3070 3700 to

632 3813 869 3878 toritas
915 3819 1168 3894 vestra,
1213 3835 1363 3899 quae
1407 3813 1585 3898 regis
1614 3812 2081 3878 celsitudinem
2113 3812 2199 3877 ad
2243 3812 2754 3878 misericordiam
2781 3781 3042 3912 {ffhssssh‘

632 3915 855 3999 potuit
920 3915 1257 3993 inclinare,
1327 3916 1683 3982 sacerdotis
1753 3915 2252 3980 animositatem
2317 3920 2642 4001 temperet
2686 3920 2755 3980 et

632 4015 967 4094 refraenet,
1036 4038 1121 4082 ne
1170 4017 1395 4083 subita
1459 4017 1639 4102 pacis
1689 4016 2048 4102 insperatae
2110 4015 2368 4094 laetitia,
2432 4039 2628 4102 quam
2675 4017 2756 4082 de

632 4121 855 4181 vestra
940 4117 1357 4202 benignitate
1424 4115 1854 4204 percepimus,
1878 4115 1903 4155 ⁸
1968 4117 2041 4180 in
2109 4138 2252 4182 eam
2316 4124 2565 4184 crescat
2653 4119 2757 4184 in-

632 4218 995 4296 solentiam,
1060 4225 1139 4284 ut
1198 4220 1597 4286 confidentia
1659 4220 1895 4306 gratiae
1965 4224 2205 4284 vestrae
2273 4219 2448 4285 bella
2491 4221 2755 4306 regibus

631 4321 908 4386 inducat
951 4325 1021 4386 et
1064 4320 1321 4407 regnis3
1368 4321 1526 4406 quia
1569 4326 1794 4387 noster
1864 4327 1932 4386 et
1984 4321 2346 4387 multorum
2391 4327 2608 4388 metus
2655 4328 2756 4388 est

703 4543 719 4576 ¹
754 4543 1045 4610 affectuose,
1068 4545 1129 4595 L.
1814 4544 1836 4577 ⁵
1873 4545 2138 4606 convincti,
2159 4546 2221 4596 L.

696 4622 718 4656 ²
753 4624 1005 4687 quoniam,
1030 4623 1090 4672 L.
1815 4623 1838 4656 ⁶
1873 4629 2072 4686 eontra,
2094 4625 2154 4675 L.

700 4704 723 4736 ³
758 4702 1208 4767 quantarumlibet,
1230 4703 1291 4754 L.
1815 4704 1837 4742 ⁷
1873 4721 2096 4766 causan,
2119 4705 2180 4756 L.

700 4781 721 4814 ⁴
765 4797 879 4845 quo,
904 4779 965 4832 L.
1820 4783 1842 4816 ⁸
1881 4785 2022 4838 Corr.
2045 4785 2179 4838 from
2200 4788 2508 4854 suscepimus
2531 4786 2584 4838 in
2608 4787 2692 4840 V*
