3634 5800
911 881 1036 945 138
1296 880 1300 884 '
1786 896 2146 945 Ems‘roLAE.
2627 880 2784 966 [ab.
2822 882 3013 949 1169.

904 1084 1094 1150 nobis
1146 1086 1250 1169 (ut
1292 1084 1822 1151 coexsulantium
1869 1090 2030 1151 vota
2075 1085 2384 1151 dictionis
2429 1084 2814 1171 pluralitate
2859 1105 3014 1151 con-

903 1187 1170 1273 cipiam)
1234 1189 1553 1275 gaudium
1616 1194 1719 1253 est
1785 1193 1852 1253 et
1920 1187 2280 1254 exsultatio
2349 1210 2500 1254 cum
2555 1188 2842 1255 ecelesiae
2911 1209 3016 1253 co·

903 1288 1163 1355 lumnas
1238 1290 1557 1355 adversus
1631 1290 1922 1394 impetus
1984 1289 2522 1375 malignantium,
2573 1289 2690 1374 qui
2751 1309 2874 1354 nos
2938 1288 3012 1353 in

903 1391 1087 1456 aliud
1135 1392 1547 1479 evangelium
1600 1362 1957 1457 transferre
2003 1391 2389 1471 moliuntur,
2428 1392 2735 1457 videmus
2779 1392 3012 1457 immo-

904 1495 1087 1573 biles,
1119 1500 1198 1561 ut
1241 1496 1396 1561 fidei
1444 1495 1894 1561 sinceritatem
1938 1496 2174 1581 gratiae
2205 1500 2274 1560 et
2304 1493 2736 1581 potentatui1
2783 1494 3012 1581 praefe-

900 1602 1071 1673 rant,
1118 1604 1186 1662 et
1232 1596 1628 1663 traditiones
1676 1596 2026 1661 hominum
2089 1596 2340 1663 divinae
2387 1597 2520 1683 legi
2565 1595 3012 1681 subjiciendas

904 1704 1211 1784 patenter
1285 1704 1355 1763 et
1429 1702 1737 1784 potenter
1812 1697 2143 1763 evincant.
2266 1698 2758 1765 Resistentibus
2833 1696 3011 1761 enim

903 1799 1218 1889 facillime
1294 1800 1554 1875 cedunt,
1631 1800 1747 1884 qui
1824 1798 2161 1885 fugientes
2238 1799 2722 1864 instantissime
2797 1820 3014 1884 perse-

904 1905 1247 1986 quuntur;
1309 1908 1394 1979 et,
1443 1905 1757 1985 tanquam
1827 1900 2095 1985 praevisi
2145 1900 2310 1986 lupi,
2357 1900 2608 1965 nullam
2656 1900 3014 1987 appropin-

905 2003 1265 2087 quantibus
1310 2002 1620 2067 adferunt
1666 2002 2018 2077 laesionem,
2063 2001 2121 2065 si
2183 2000 2362 2065 fraus
2409 2023 2636 2067 eorum
2680 2001 3013 2067 reveletur

905 2126 947 2168 a
991 2104 1313 2182 fidelibus,
1360 2109 1429 2169 et
1473 2107 1797 2190 arguatur
1856 2124 1897 2167 a
1957 2102 2227 2167 lumine.
2343 2102 2523 2183 Quid
2587 2103 2763 2168 enim
2829 2102 3015 2168 dedit

904 2204 994 2269 ab·
1035 2205 1231 2269 initio
1276 2224 1522 2270 cornua
1564 2203 1912 2290 peccatori,
1957 2202 2089 2266 nisi
2133 2202 2310 2288 quod
2354 2223 2579 2267 omnes
2601 2202 2628 2241 2
2672 2204 2746 2267 in
2788 2203 3014 2289 fugam

907 2306 1082 2371 versi
1160 2306 1627 2393 disparuerunt
1689 2326 1732 2369 a
1806 2304 1977 2370 facie
2051 2304 2462 2393 tribulantis,
2531 2310 2600 2369 et
2676 2303 3012 2370 ecclesiam

906 2408 1312 2475 laborantem
1360 2413 1589 2474 contra
1633 2427 1712 2472 ea
1754 2428 1922 2493 quae,
1971 2407 2097 2471 sub
2141 2409 2477 2493 praetextu
2537 2406 2711 2491 juris
2759 2407 3014 2472 invete-

906 2513 1054 2591 rati,
1103 2518 1172 2577 et
1214 2512 1639 2596 antiquarum
1681 2509 1787 2575 vel
1834 2509 2396 2595 antiquandarum
2441 2510 3015 2587 consuetudinum,

908 2621 1310 2702 praesumpta
1372 2620 1549 2691 sunt,
1610 2634 1744 2681 non
1788 2617 1937 2679 erat
2003 2612 2119 2698 qui
2187 2611 2588 2698 adjuvaret?
2693 2612 2829 2679 Sed
2895 2635 3013 2699 pro

908 2721 1086 2782 certo
1133 2717 1247 2803 qui
1308 2721 1472 2782 tunc
1530 2736 1667 2801 prae
1729 2715 1985 2781 caeteris
2045 2714 2300 2799 placere
2364 2714 2763 2791 hominibus,
2811 2716 3014 2780 immo

907 2818 1307 2897 furentibuS,
1375 2817 1796 2894 affectabant,
1857 2816 2114 2883 confusi
2180 2821 2356 2893 sunt,
2423 2818 2878 2904 comprehensi
2941 2817 3015 2883 in

910 2923 1217 3010 operibus
1294 2942 1612 2986 manuum
1676 2941 1990 2999 suarum3
2066 2925 2152 2997 et,
2221 2920 2455 2985 divina
2529 2927 2870 3008 praeeunte
2945 2925 3016 2986 et

911 3025 1277 3112 adjuvante
1340 3021 1708 3102 clementia,
1769 3021 2056 3107 amplius
2125 3020 2633 3102 confundentur,
2704 3021 3015 3109 quoniam

910 3128 1111 3204 Deua
1158 3125 1318 3190 dum
1364 3125 1592 3190 taliter
1658 3123 1732 3187 in
1792 3122 2008 3209 specie
2054 3121 2392 3210 religionis
2439 3123 2688 3189 versati
2747 3123 3018 3203 fuerint,

910 3227 1170 3316 spernit
1233 3225 1398 3291 illos,
1524 3223 1718 3290 Salus
1786 3227 2011 3290 autem
2077 3224 2435 3290 electorum
2499 3225 2772 3290 videtur
2838 3232 3016 3292 stare

910 3351 1048 3418 prae
1093 3325 1361 3408 foribuS,
1409 3333 1495 3408 et,
1540 3327 1683 3392 Deo
1728 3327 2036 3413 propitio,
2081 3327 2362 3413 gloriam
2408 3349 2636 3394 eorum
2683 3328 2817 3394 cito
2862 3349 3016 3395 con-

910 3431 1415 3519 templabuntur
1468 3428 1641 3496 oculi
1685 3430 1909 3506 vestri,
1957 3434 2028 3494 et
2088 3429 2371 3495 aliorum
2419 3430 2536 3515 qui
2581 3430 3018 3497 decreverunt

572 3545 682 3596 The
698 3545 885 3611 bnshop
912 3535 1055 3600 Deo
1102 3535 1323 3620 potius
1371 3553 1572 3618 quam
1638 3530 2018 3596 hominibus
2085 3532 2372 3598 obedire.
2482 3531 2680 3599 Unde
2750 3531 3018 3600 domino

573 3613 636 3662 of
652 3612 737 3662 wi
720 3629 795 3662 m-

574 3679 786 3730 chester.

912 3660 1056 3703 meo
1150 3637 1450 3723 episcopo
1527 3633 1994 3713 Wintoniensi,
2071 3639 2326 3719 quanta
2413 3656 2684 3721 possum
2773 3637 3017 3701 mentis

910 3741 1272 3817 alacritate,
1332 3737 1769 3825 congratulor,
1831 3737 1965 3822 qui,
2012 3741 2378 3802 conventus
2445 3757 2487 3803 a
2545 3736 2886 3823 judicibus
2949 3742 3022 3805 et

910 3843 1277 3910 senioribus
1323 3846 1534 3918 terrae,
1603 3838 1870 3904 Christo
1918 3839 2198 3924 dignum
2261 3860 2652 3926 responsum
2699 3840 2902 3919 dedit,
2949 3845 3019 3905 et

910 3945 1301 4032 rescriptum
1346 3942 1569 4008 emisit
1629 3961 1994 4027 congruum
2055 3941 2264 4018 aetati,
2309 3941 2718 4027 professioni,
2764 3942 3019 4020 honori,

911 4053 981 4115 et
1024 4047 1264 4135 generi,
1308 4051 1376 4110 et
1420 4043 1597 4130 quod
1641 4042 1728 4107 ad
1773 4043 2097 4107 virtutem
2141 4047 2422 4129 poterat,
2453 4044 2629 4109 sicut
2673 4048 2740 4108 et
2787 4043 3020 4110 fecisse

912 4147 1219 4226 creditur,
1266 4145 1831 4231 compresbyteros
1890 4144 2200 4210 animare.
2297 4145 2476 4210 Nam
2537 4151 2608 4211 et
2651 4145 2754 4211 illi
2799 4147 3020 4212 tendi·

911 4252 1093 4320 culas
1153 4247 1613 4314 insidiantium
1680 4245 2107 4311 laudabiliter
2170 4246 2528 4325 eluserunt,
2573 4248 2706 4314 alia
2751 4247 2915 4329 vice,
2961 4249 3020 4314 si

910 4353 1224 4424 conventi
1292 4350 1562 4428 fuerint,
1632 4347 1922 4415 locuturi
1989 4349 2270 4414 verbum
2343 4337 2501 4414 fidei
2578 4355 2648 4415 et
2711 4350 3018 4416 veritatis

910 4481 1063 4526 eum
1107 4454 1389 4534 fiducia3
1450 4452 1647 4538 plane
1692 4451 2002 4517 docentes
2048 4451 2225 4536 quod
2271 4451 2582 4517 dominus
2629 4473 2764 4529 rex,
2796 4451 3019 4518 hacte-

980 4725 997 4759 ¹
1026 4724 1334 4794 potentatui,
1383 4726 1450 4785 O,
1500 4725 1570 4784 Z;
1622 4723 1921 4789 potestatui,
2079 4715 2102 4753 ²
2135 4719 2369 4782 Ιιοηιίπέε,
2397 4721 2460 4773 Ο.

912 4806 977 4862 L.
