3634 5800
646 850 777 905 ΑΛ).
812 835 1035 923 1177]
1513 850 1872 901 EPISTOLAE.
1982 934 1995 953 ο
2615 835 2741 905 575

648 1047 771 1109 trae
815 1044 1109 1109 serviens
1152 1042 1417 1109 caritati
1464 1042 1641 1127 quod
1685 1062 1952 1128 possum
1999 1042 2186 1119 faci0,
2235 1048 2305 1107 et
2368 1043 2546 1128 quod
2593 1043 2745 1118 scio,

650 1143 821 1229 [sine
843 1142 869 1181 ¹
945 1145 1203 1210 invidia
1284 1150 1353 1209 et
1428 1144 1888 1228 detractione,]
1979 1148 2224 1210 vestrae
2312 1143 2745 1229 postulationi

643 1248 1137 1333 promptissima
1172 1247 1519 1313 voluntate
1550 1246 1982 1327 communicO,
2012 1250 2214 1331 atque
2259 1246 2434 1311 inter
2479 1252 2747 1313 caeteros

640 1370 912 1435 magnos
934 1348 959 1388 2
1004 1350 1197 1427 viros,
1246 1349 1361 1434 qui
1425 1348 1506 1413 de
1570 1348 1878 1413 laudibus
1924 1348 2176 1413 domini
2239 1350 2370 1415 mei
2433 1349 2749 1426 scribunt,

642 1470 763 1536 ego
853 1472 1003 1517 cum
1093 1472 1383 1536 paupere
1476 1450 1679 1515 vidua
1778 1451 2116 1531 minutum
2210 1450 2584 1518 devotionis
2673 1451 2746 1515 in

640 1552 1185 1639 gazophylacium
1232 1553 1447 1619 mitto.
1887 1634 1896 1639 -

732 1656 927 1735 Quod
1002 1661 1227 1722 autem
1303 1657 1385 1722 de
1471 1662 1681 1722 morte
1759 1656 1938 1723 beati
2030 1658 2342 1742 martyris
2433 1656 2701 1723 Thomae
2721 1655 2747 1695 ³
2773 1660 2950 1739 ,Heury
2971 1661 3016 1712 is

648 1758 965 1842 quaeritis,
1011 1758 1083 1823 in
1128 1759 1331 1825 verbo
1376 1758 1649 1824 Domini
1695 1764 1765 1825 et
1809 1760 1882 1823 in
1927 1760 2158 1825 ordine
2227 1758 2487 1825 diaconi
2552 1759 2744 1825 vobis
2771 1728 3091 1845 ffiffigtthd

558 1888 565 1895 ·
643 1857 805 1937 dico,
852 1881 955 1925 me
1000 1860 1184 1926 nullo
1215 1860 1408 1926 modo
1452 1859 1695 1927 habere
1740 1862 1813 1925 in
1846 1860 2249 1927 conscientia
2294 1861 2512 1947 ipsum
2541 1861 2746 1947 hujus
2773 1860 2830 1911 of
2853 1862 2928 1913 St.

645 1962 741 2026 rei
786 1962 1187 2049 culpabilem
1232 1964 1602 2039 exstitisse3
1653 1963 1982 2049 hujusque
2027 1964 2226 2029 fidem
2294 1963 2742 2049 plenissimam
2770 1928 3008 1988 Thomas,

640 2064 829 2129 vobis
874 2064 1120 2149 facient
1188 2066 1493 2131 dominus
1538 2065 1916 2131 Theodinus
1963 2065 2343 2131 Portuensis
2389 2065 2746 2152 episcopus,

640 2169 709 2229 et
754 2166 1061 2231 dominus
1107 2166 1424 2233 Albertus
1484 2166 1950 2235 cancellarius:
1996 2168 2111 2252 qui
2156 2172 2427 2253 propter
2471 2168 2610 2245 hoc,
2673 2168 2746 2231 in
2821 2200 2830 2205 ·
2911 2153 2916 2162 ¹

638 2269 941 2353 partibus
986 2270 1230 2335 nostris
1293 2269 1618 2357 legatione
1686 2270 2050 2357 fungentes,
2098 2270 2610 2355 exploraverunt
2676 2275 2747 2335 et

640 2378 1091 2456 cognoverunt
1152 2373 1599 2439 innocentiam
1648 2373 1792 2451 viri,
1856 2378 2058 2458 atque
2103 2372 2228 2437 sub
2272 2372 2505 2437 umbra
2566 2372 2747 2437 illius

641 2470 764 2537 hoc
838 2494 881 2537 a
953 2474 1347 2559 quibusdam
1410 2480 1815 2541 attentatum
1879 2475 2097 2553 fuisse,
2161 2479 2503 2561 totamque
2575 2474 2748 2539 hanc

642 2574 1067 2659 iniquitatem
1114 2598 1156 2642 a
1201 2578 1573 2643 sanctuario
1603 2578 2008 2664 processisse.
2100 2577 2390 2661 Accepta
2419 2576 2746 2661 siquidem

641 2677 727 2741 ab
770 2678 865 2742 eis
910 2680 1223 2747 canonica
1268 2683 1657 2767 purgatione
1704 2679 1900 2761 illius,
1931 2679 2051 2758 illi,
2099 2680 2180 2744 de
2225 2679 2538 2744 mandato
2568 2700 2745 2743 sum-

645 2779 740 2843 mi
814 2780 1164 2865 pontificis,
1238 2781 1501 2867 publice
1578 2782 2173 2859 sententiaverunt,
2235 2802 2388 2846 eum
2463 2780 2548 2845 ab
2623 2780 2745 2845 hoc

641 2881 929 2962 crimine,
964 2905 1179 2950 coram
1212 2882 1358 2950 Deo
1403 2896 1471 2949 et
1514 2874 1912 2963 hominibus,
1962 2905 2100 2949 esse
2145 2883 2516 2961 innoxium,
2559 2887 2628 2948 et
2673 2883 2744 2946 in

638 2983 955 3069 quosdam
1031 2993 1391 3075 magnates,
1466 3009 1746 3075 quorum
1823 2988 2147 3054 malitiam
2217 2988 2291 3052 in
2357 2987 2482 3053 hac
2557 2991 2744 3074 parte

638 3087 989 3154 manifeste
1035 3089 1472 3167 convicerant,
1517 3094 1745 3156 notam
1791 3089 2084 3155 infamiae
2127 3093 2548 3154 retorserunt.

728 3187 907 3255 Illud
971 3212 1231 3277 quoque
1292 3193 1632 3270 noveritiS,
1703 3193 2044 3258 dominum
2108 3213 2326 3278 regem
2387 3191 2744 3277 gloriosum
2772 3203 2941 3254 whom
2958 3205 3030 3256 he

639 3296 1001 3376 martyrem
1048 3293 1120 3356 in
1165 3293 1469 3359 omnibus
1513 3293 1838 3380 angustiis
1908 3293 2043 3357 suis
2106 3298 2457 3378 patronum
2504 3290 2744 3356 habere
2769 3273 3063 3389 ξξξζῐᾱζίαι

638 3393 1061 3478 praecipuum.
1155 3395 1405 3461 Eadem
1452 3395 1777 3482 siquidem
1824 3395 1930 3460 die
1977 3415 2107 3481 qua
2155 3395 2365 3480 primo
2409 3392 2745 3458 tumulum
2770 3353 2971 3469 patroptfi

636 3496 953 3580 martyris
997 3497 1325 3577 visitavit,
1372 3521 1589 3585 regem
1659 3498 1919 3575 Scotiae,
1986 3501 2464 3583 persecutorem
2510 3501 2580 3560 et
2622 3496 2746 3560 im·
2776 3494 2878 3544 His
2901 3492 3022 3563 visit

639 3604 1076 3682 pugnatorem
1137 3599 1584 3678 fortissimum,
1655 3605 1924 3686 captum
1988 3599 2270 3676 vinculis
2315 3597 2748 3665 carceralibus
2773 3561 2940 3687 3¹3?
2954 3628 3054 3677 and

638 3701 1081 3786 mancipavit3
1126 3702 1641 3787 continuatoque
1664 3701 1690 3739 ⁴
1724 3702 2032 3788 deinceps
2061 3701 2283 3766 favore
2315 3713 2746 3777 successuum,
2772 3693 2969 3774 viqtory

638 3822 760 3886 ope
806 3803 1117 3888 martyris
1164 3803 1247 3868 de
1294 3803 1618 3869 universis
1664 3802 1964 3869 hostibus
2009 3802 2470 3888 gloriosissime
2511 3802 2747 3868 trium·
2773 3760 3012 3878 agathe,

636 3902 887 3988 phavit.
981 3905 1221 3972 Sciatis
1267 3906 1473 3992 igitur
1517 3905 1872 3972 certissime
1917 3905 2094 3990 quod
2153 3903 2494 3971 caritatem
2540 3903 2743 3985 illam,

638 4025 771 4089 qua
816 4027 883 4070 se
948 4007 1103 4071 olim
1150 4028 1271 4071 rex
1334 4013 1402 4073 et
1465 4012 1721 4094 martyr
1787 4011 2022 4071 mutuo
2090 4006 2486 4083 dilexerunt,
2530 4026 2743 4090 neque

637 4127 811 4172 mors
855 4129 1068 4193 neque
1112 4108 1373 4194 gladius
1417 4109 1751 4188 abolevit3
1814 4116 1849 4144 “
1871 4107 2060 4173 fortis
2106 4108 2282 4174 enim
2328 4114 2430 4173 est
2475 4106 2740 4174 dilectio

639 4218 671 4244 “
716 4216 797 4275 ut
841 4232 1015 4276 mors
1038 4211 1089 4290 ;”
1160 4216 1228 4276 et
1296 4233 1444 4278 cum
1515 4211 1735 4277 omnia
1796 4216 2159 4288 transeant,
2223 4219 2258 4247 “
2278 4211 2518 4276 caritas
2568 4231 2739 4274 nun-

632 4317 669 4347 “
719 4332 917 4397 quam
986 4311 1285 4378 excidit.''
1407 4312 1573 4377 Haec
1648 4317 1749 4378 est
1823 4317 2016 4398 porta
2077 4313 2384 4400 speciosa,
2453 4333 2604 4398 quse
2670 4313 2742 4377 in

702 4618 719 4650 ¹
754 4620 865 4670 sine
898 4655 911 4670 .
949 4654 961 4668 .
1000 4653 1013 4668 .
1047 4617 1371 4679 detractione,
1398 4617 1493 4678 ’ῦς
1534 4632 1637 4668 om.
1808 4619 1831 4652 ⁸
1873 4618 2089 4681 Thomoe,
2110 4637 2212 4674 om.
2235 4621 2294 4672 Z.

633 4699 697 4763 P,
720 4700 778 4750 Z.
1808 4698 1832 4732 ⁴
1863 4700 2110 4765 confimo,
2131 4701 2177 4752 P

702 4777 725 4810 ²
756 4777 1055 4843 mqnfflcos,
1079 4780 1144 4832 G.
