3634 5800
501 1668 722 1718 Remen-

499 1732 714 1798 strating
737 1749 792 1784 as

498 1806 553 1849 to
577 1799 777 1850 absolu-

499 1865 604 1916 tion
628 1865 690 1917 of

497 1930 684 1983 Foliot.

837 801 968 872 278
1086 767 1094 772 “
1716 760 2087 874 nusi-om.-
2558 806 2718 889 [ΛΦ.
2753 805 2948 874 1170·

1780 1125 2080 1194 DOLXI.

926 1273 1218 1341 THOMAS
1265 1273 1832 1342 CANTuAmENffls
1876 1291 2469 1342 Ancmmuscorus
2515 1275 2851 1340 Rornono

1301 1377 1857 1443 RomoMAanffl
1904 1393 2468 1443 Ancmnmscoro.

1075 1529 1171 1591 (A.
1197 1532 1328 1588 238;
1363 1530 1427 1580 Ο.
1451 1529 1506 1578 ii.
1530 1533 1664 1589 2483
1699 1530 1756 1580 Z.
1780 1545 1831 1581 v·
1859 1534 1948 1592 19;
1984 1531 2113 1594 Lup.
2136 1545 2190 1580 V.
2218 1533 2309 1590 193
2343 1528 2527 1578 Thom.
2554 1529 2693 1588 107.)

926 1657 1192 1724 Gratias
1238 1659 1496 1745 agimus
1561 1659 1900 1726 dilectioni
1951 1665 2213 1736 vestrae,
2260 1680 2409 1744 quae
2453 1657 2667 1723 nostri
2711 1677 2938 1724 curam

833 1761 1052 1848 gerit3
1124 1762 1241 1827 sed
1316 1762 1576 1828 utinam
1647 1769 1871 1828 vestra
1946 1761 2340 1839 sollicitudO,
2416 1762 2489 1826 in
2552 1761 2671 1826 illa
2737 1781 2935 1845 quam

835 1863 1055 1930 dicitis
1117 1863 1403 1950 episcopi
1483 1864 1963 1931 Londoniensis
2046 1864 2476 1942 absolutione,
2551 1864 2941 1929 mandatum

833 1965 1084 2030 domini
1129 1985 1319 2050 papae
1365 1986 1502 2030 non
1547 1965 1949 2031 excessisset.
2041 1963 2243 2031 Scitis
2304 1965 2482 2030 enim
2544 1964 2705 2050 quid
2752 1964 2941 2028 vobis

831 2067 904 2130 in
963 2067 1298 2133 communi
1345 2067 1610 2154 negotio
1674 2067 1816 2132 sine
1839 2067 1864 2104 ¹
1908 2066 2157 2154 collega.
2219 2067 2483 2134 licuerit
2546 2065 2939 2152 (praesertim

832 2187 983 2232 cum
1028 2167 1140 2232 ille
1185 2167 1482 2233 nondum
1529 2173 1897 2234 conventus
1942 2168 2160 2245 fuerit,
2208 2188 2328 2234 nec
2372 2167 2720 2254 constabat
2765 2167 2941 2252 quod

830 2267 945 2333 ille
996 2268 1057 2332 si
1123 2269 1584 2334 conveniretur
1661 2291 1796 2335 non
1866 2275 2083 2355 posset
2150 2270 2392 2347 adesse,
2440 2270 2557 2356 qui
2622 2290 2747 2335 nec
2790 2290 2941 2335 con·

830 2379 1072 2437 ventus
1117 2372 1246 2454 est)
1321 2392 1469 2438 cum
1531 2377 1693 2438 tunc
1756 2373 2024 2438 demum
2090 2372 2285 2437 alteri
2334 2376 2629 2437 vestrum
2664 2372 2941 2464 'aliquid

829 2475 904 2538 in
947 2475 1072 2540 hac
1100 2495 1300 2540 causa
1345 2473 1628 2554 licuerit,
1661 2474 1719 2538 si
1765 2475 1937 2540 alter
1981 2474 2207 2540 adesse
2254 2494 2393 2540 non
2434 2480 2669 2560 posset.
2748 2473 2939 2542 Hanc

828 2577 1004 2640 enim
1051 2575 1499 2642 conditionem
1545 2576 1857 2640 dominus
1902 2595 2075 2662 papa
2142 2575 2374 2640 inserit
2436 2595 2635 2660 quam
2681 2579 2941 2641 constat

825 2698 961 2742 non
1025 2677 1379 2754 exstitisse,
1429 2682 1508 2742 ut
1549 2677 1795 2741 exinde
1864 2675 2141 2744 fortasse
2208 2681 2464 2742 constet
2532 2677 2938 2762 sapientibus

824 2799 914 2844 an
957 2777 1211 2864 aliquid
1280 2784 1507 2844 actum
1555 2779 1646 2843 sit
1692 2777 2043 2844 deficiente
2113 2778 2505 2844 conditione.
2600 2776 2733 2844 Sed
2779 2779 2937 2864 quid

825 2880 956 2945 ista
1018 2879 1533 2966 protrahimus?
1647 2879 1782 2945 Vos
1846 2879 2031 2946 scitis
2100 2880 2261 2965 quid
2326 2880 2606 2967 egeritiS,
2673 2885 2743 2946 et
2803 2902 2939 2960 nos,

825 2980 969 3046 Deo
1045 2987 1336 3059 auctore,
1407 2982 1570 3067 quid
1638 2981 1832 3047 nobis
1852 2978 1877 3019 ²
1942 2987 2275 3068 competat
2347 3002 2481 3048 non
2544 2984 2938 3070 ignoramus,

825 3082 1014 3161 Quod
1064 3088 1290 3149 autem
1336 3082 1698 3167 praecipitis
1769 3104 1908 3147 esse
1970 3088 2310 3161 secretum,
2365 3084 2691 3168 quomodo
2735 3104 2941 3151 secre-

823 3189 970 3250 tum
1016 3206 1152 3249 esse
1199 3184 1421 3249 valeat
1443 3182 1470 3224 3
1499 3190 1857 3269 procurent
1902 3184 2016 3269 qui
2061 3185 2487 3270 possunt-si
2532 3185 2649 3269 qui
2694 3191 2937 3253 tamen.

826 3286 1003 3365 Quia
1045 3291 1410 3371 antequam
1456 3287 1852 3352 mandatum
1899 3291 2198 3351 vestrum
2261 3288 2713 3372 reciperemus,
2758 3288 2939 3373 apud

823 3408 946 3453 nos
963 3387 992 3425 4
1051 3387 1507 3456 cantitabatur
1527 3387 1552 3425 ⁵
1612 3388 1684 3450 in
1747 3388 2072 3474 compitiS,
2129 3393 2199 3453 et
2258 3388 2438 3474 apud
2498 3408 2618 3455 vos
2640 3387 2666 3427 ⁶
2729 3390 2935 3475 ipsius

824 3487 1303 3555 Londoniensis
1349 3490 1704 3575 diligentia
1749 3489 2172 3575 divulgatum
2219 3496 2339 3567 est,
2387 3490 2504 3575 qui
2550 3490 2625 3555 in
2666 3492 2939 3558 civitate

824 3596 1046 3657 vestra
1063 3589 1088 3632 ⁷
1167 3596 1237 3657 et
1309 3591 1383 3655 in
1461 3590 1732 3656 ecclesia
1807 3590 2192 3657 solemniter
2266 3592 2501 3657 divina
2562 3592 2937 3659 celebravit.

821 3688 1104 3757 Valete.⁸

891 3920 908 3952 ¹
941 3921 1068 3981 sine,
1091 3935 1191 3969 om.
1218 3919 1283 3971 Ο.
1997 3920 2018 3951 ⁵
2054 3919 2421 3982 cantitabatur,
2464 3921 2521 3980 Z,
2564 3920 2645 3980 (εἷς
2696 3922 2939 3973 cantaba-

889 3999 910 4031 2
942 3998 1099 4058 nobie,
1123 4000 1188 4059 A,
1212 3998 1279 4061 Ο,
1304 4000 1376 4059 Ζ;
1409 3998 1567 4061 υοόἱε,
1590 3998 1652 4059 L,
1677 3998 1743 4051 G.
1931 4006 2033 4059 tur,
2056 3998 2118 4048 L.

889 4078 911 4111 ³
945 4078 1052 4127 The
1069 4076 1268 4141 printed
1281 4077 1450 4142 copies
1469 4078 1616 4141 place
1634 4094 1666 4128 a
1681 4078 1829 4127 mark
1998 4078 2020 4110 θ
2052 4094 2161 4138 nos,
2182 4077 2243 4127 L.

815 4157 878 4207 of
897 4156 1263 4223 interrogation
1286 4156 1418 4207 aster
1443 4155 1628 4207 valeat.
2002 4156 2022 4193 '¹'
2058 4164 2240 4218 vestra,
2262 4157 2334 4217 A,
2356 4156 2434 4219 0;
2471 4164 2665 4219 nostra,
2688 4159 2749 4222 L,
2774 4160 2839 4213 G.

891 4234 915 4266 ⁴
947 4250 1048 4297 voe,
1071 4236 1132 4285 L.
2002 4234 2024 4265 ⁸
2070 4234 2263 4296 Valete,
2287 4236 2349 4295 O,
2374 4237 2447 4295 Z3
2482 4251 2583 4287 om.
2608 4236 2675 4287 al.
