3634 5800
602 956 732 1004 Aa).
773 942 990 1025 1169]
1491 956 1851 1003 mastonem.
2620 942 2717 1003 11.

603 1136 966 1223 Anglorum
1042 1138 1340 1224 apostoli,
1426 1138 1829 1203 vaticinatus
1906 1160 2043 1203 esse
2137 1139 2479 1203 delendam
2566 1162 2701 1203 csse

604 1238 1051 1303 Christianam
1095 1238 1500 1324 religionem,
1546 1246 1617 1303 et
1661 1238 1877 1304 denuo
1923 1238 2407 1305 reformandam
2442 1240 2705 1325 quando

603 1339 1081 1403 Londoniensis
1158 1339 1450 1425 dignitas
1527 1338 2006 1404 Doroberniam
2084 1340 2452 1406 adornabit.
2570 1342 2701 1407 Sed

604 1440 762 1524 quia
807 1441 1168 1506 Merlianus
1211 1440 1640 1527 philosophus
1681 1440 2025 1527 prophetie
2054 1442 2159 1505 sui
2205 1442 2465 1507 futilem
2514 1444 2705 1508 novit

603 1542 1084 1619 auctoritatem,
1131 1544 1331 1608 etiam
1397 1542 1482 1607 ad
1527 1542 1855 1608 validiora
1902 1548 2075 1608 certe
2122 1544 2417 1609 subsidia
2460 1544 2705 1609 dicitur

603 1644 988 1730 confugisse,
1034 1666 1437 1731 praesumens
1483 1644 1564 1709 de
1613 1650 1961 1731 potentatu
2010 1646 2343 1731 principis,
2377 1645 2457 1711 de
2504 1647 2701 1713 eccle-

603 1747 720 1811 siae
780 1745 1142 1823 debilitate,
1189 1746 1271 1811 de
1339 1745 1626 1811 avaritia
1699 1746 2167 1823 Romanorum,
2213 1748 2295 1812 de
2360 1748 2705 1834 pusillani-

599 1848 840 1914 mitate
883 1853 1124 1927 vestra,
1171 1848 1252 1912 de
1315 1853 1708 1933 paupertate
1771 1848 2239 1935 archiepiscopi
2286 1854 2357 1915 et
2400 1850 2703 1915 multitu-

603 1949 758 2013 dine
821 1949 1208 2014 divitiarum
1273 1970 1564 2025 suarum,
1619 1950 1861 2033 quibus
1924 1948 2243 2014 adversus
2309 1952 2703 2037 sapientiam

603 2056 674 2114 et
705 2050 1044 2136 justitiam
1092 2049 1220 2115 Dei
1265 2050 1540 2115 confidit
1583 2072 1653 2114 se
1711 2050 2215 2135 praevaliturum
2288 2052 2358 2117 in
2406 2054 2704 2118 vanitate

603 2174 741 2216 sua.
833 2152 1012 2232 Quid
1057 2174 1212 2239 ergo
1269 2152 1502 2217 dicetis
1566 2157 1635 2216 et
1698 2152 1961 2217 facietis
1980 2152 2003 2190 ¹
2074 2154 2159 2217 ad
2226 2154 2421 2220 haec?
2510 2156 2702 2221 Nun·
2730 2165 2983 2241 1⁴3·th-

603 2253 762 2339 quid
839 2254 1004 2319 adeo
1077 2254 1589 2339 praenominatos
1666 2260 1977 2339 patronos
2066 2262 2335 2334 vestros,
2402 2263 2523 2323 aut
2598 2264 2707 2338 (ut
2730 2238 2917 2347 ἱζζῗεξο

605 2354 1188 2439 verius-dixerim)
1235 2354 1504 2441 pietatis
1549 2360 1619 2419 et
1671 2355 1829 2420 fidei
1896 2356 2147 2421 timetis
2216 2358 2453 2436 hostes,
2502 2365 2579 2424 ut
2644 2362 2704 2426 ei
2732 2364 2917 2413 Foliot.

605 2456 778 2521 detis
822 2456 1038 2523 locum
1083 2456 1202 2543 qui
1248 2462 1527 2543 matrem
1594 2463 1883 2522 vestram
1932 2464 2068 2523 tam
2138 2462 2511 2545 parricidali
2582 2464 2705 2527 im-

607 2558 852 2643 pietate
890 2558 1201 2645 jugulare
1269 2558 1588 2623 molitur?
1682 2559 1921 2625 Nonne
1990 2560 2099 2628 hic
2168 2583 2301 2627 non
2348 2564 2542 2630 modo
2607 2564 2703 2629 fa-

605 2660 885 2725 cultates
931 2660 1216 2726 ecclesiae
1263 2662 1631 2746 erogandae,
1681 2662 1795 2727 sed
1849 2664 2120 2750 sanguis
2166 2664 2539 2731 fundendus
2585 2674 2703 2745 cst,

609 2768 688 2825 ut
754 2762 814 2826 ei
879 2763 1244 2840 resistatur,
1321 2768 1389 2827 et
1457 2763 1740 2829 ecclesiae
1802 2772 2227 2830 conservetur
2292 2770 2703 2835 auctoritas?

617 2860 908 2941 Ριιᾶθειι,2
936 2885 1180 2949 quoeso,
1227 2866 1651 2930 sanctitatem
1699 2871 1989 2933 vestram
2035 2868 2211 2953 quod
2256 2869 2508 2936 nullam
2549 2870 2701 2939 hac-
2728 2876 2839 2929 The
2855 2878 3040 2956 ngonks

613 2971 804 3030 tenus
847 2967 1022 3052 patri
1067 2967 1401 3032 exsulanti
1463 2973 1533 3033 et
1579 2969 1941 3055 proscripto
2008 2969 2407 3036 exhibuistis
2470 2972 2702 3038 huma·
2728 2947 3040 3074 :lziiig'iineir

607 3068 888 3132 nitatem
931 3069 1412 3147 consolationis,
1457 3076 1577 3135 aut
1621 3071 1806 3148 nihil,
1854 3079 1973 3136 aut
2018 3071 2224 3156 (quod
2268 3073 2505 3137 melius
2552 3097 2700 3138 nos·
2728 3077 2873 3153 ⁸¹:011-

610 3169 720 3254 tis)
799 3169 1148 3236 minimum
1224 3170 1682 3256 impendistis;
1761 3193 1909 3238 cum
1986 3177 2209 3237 tamen
2300 3173 2437 3239 fere
2526 3181 2705 3242 totus
2731 3143 2924 3206 ''¹⁶⁸'‘'p‘

609 3270 888 3336 Latinus
955 3272 1131 3336 orbis
1193 3273 1536 3338 evidenter
1599 3280 1983 3359 agnosceret
2042 3274 2375 3358 justitiam
2447 3275 2591 3354 Dei,
2638 3285 2707 3344 et

607 3373 893 3438 ccclesiae
960 3374 1335 3438 libertatem
1371 3439 1386 3447 ,
1401 3374 1672 3440 titulum
1750 3398 1887 3440 esse
1956 3375 2173 3440 exsilii
2249 3383 2319 3442 et
2386 3379 2707 3466 proscrip-

609 3474 810 3540 tionis
875 3465 1073 3541 illius
1181 3475 1370 3540 Alias
1433 3498 1589 3563 ergo
1657 3477 1961 3542 ecclesias
2026 3477 2168 3564 jam
2234 3479 2703 3566 quinquennio,

607 3598 741 3642 non
786 3576 932 3644 dico
975 3577 1307 3663 spoliavit,
1353 3578 1667 3662 quoniam
1685 3575 1712 3616 ³
1756 3585 1990 3663 sponte
2036 3585 2105 3644 et
2170 3581 2346 3645 ultro
2414 3603 2701 3646 commu-

607 3681 1002 3746 nicaverunt
1045 3681 1552 3746 necessitatibus
1615 3681 1752 3746 suis
1797 3687 1868 3746 et
1931 3681 2479 3749 tribulationibus
2526 3685 2703 3771 ejus;

605 3782 720 3847 sed
765 3782 853 3848 ab
897 3783 992 3847 eis
1046 3781 1446 3868 stipendium
1511 3783 1764 3868 accepit
1807 3784 1893 3848 ad
1958 3783 2397 3850 ministerium
2444 3787 2706 3872 quictis

606 3883 960 3958 libertatis,
1006 3884 1293 3962 honoris,
1338 3891 1408 3949 et
1450 3884 1678 3971 gloriae
1727 3891 1981 3950 vestrae.
2078 3886 2232 3952 Non
2297 3888 2474 3973 quod
2518 3894 2705 3953 tena-

608 3986 877 4050 citatem
954 3993 1074 4050 aut
1157 3985 1716 4050 inhumanitatem
1803 3994 2089 4052 vestram
2172 4011 2486 4067 accusem,
2563 3990 2707 4056 haec

611 4088 836 4165 scribo,
885 4088 1043 4172 quia
1088 4089 1259 4153 forte
1303 4089 1602 4173 occupati
1668 4089 1889 4167 eratis,
1938 4091 2051 4154 sed
2099 4096 2177 4154 ut
2220 4091 2457 4158 fratres
2511 4093 2707 4156 caris-

609 4191 805 4255 simos
850 4211 1102 4268 mones»,
1149 4196 1227 4255 ut
1280 4189 1551 4254 tandem
1619 4191 1979 4275 aliquando
2046 4191 2119 4254 in
2166 4193 2473 4278 operibus
2540 4195 2705 4259 cari-

610 4293 769 4356 tatis
813 4293 1169 4357 reviviscat
1211 4298 1282 4356 et
1324 4292 1556 4356 floreat
1609 4293 1772 4356 fides
1817 4298 2079 4373 vestra3
2148 4299 2225 4358 ut
2287 4316 2461 4380 pace,
2508 4317 2703 4381 quam

609 4413 944 4478 speramus
990 4394 1061 4457 in
1129 4393 1450 4478 proximo,
1495 4394 1863 4472 reformata,
1911 4416 2044 4459 non
2109 4396 2545 4472 erubescatis;
2590 4399 2703 4462 sed

607 4497 893 4562 fructum
939 4496 1236 4562 caritatis
1282 4496 1602 4561 exhibitae
1621 4495 1648 4532 ⁴
1690 4517 1839 4561 cum
1896 4497 2145 4564 foenore
2208 4499 2560 4584 multiplici
2605 4523 2705 4566 re-

677 4748 692 4781 ¹
711 4751 934 4815 faciem,
957 4751 1026 4801 V.
1766 4753 1786 4784 ³
1824 4760 1887 4810 ee,
1913 4751 2009 4801 ins.
2036 4751 2097 4804 L.

675 4829 695 4861 ²
731 4829 948 4890 Pudeat,
972 4830 1027 4890 Z,
1054 4831 1094 4879 1,
1117 4853 1129 4893 ς
1169 4829 1348 4890 Pudet,
1375 4831 1438 4883 G.
1767 4832 1786 4862 ⁴
1824 4848 1977 4895 quem,
2000 4831 2168 4882 before
2195 4849 2319 4894 cum,
2342 4835 2405 4884 O.
