3634 5800
914 746 1045 810 584
1784 762 2147 814 ammom.
2633 753 2792 835 [an.
2827 752 3028 817 1220.

908 951 1155 1014 sanctae
1222 947 1539 1013 Romanae
1606 948 1894 1016 ecclesiae
1961 950 2302 1029 cardinali,
2357 973 2570 1037 nuper
2636 953 3028 1038 accepimus,

908 1050 1285 1127 intimante,
1359 1051 1535 1136 quod
1620 1052 1815 1129 idem,
1863 1053 2124 1119 -volens
2201 1056 2548 1120 ostendere
2638 1056 2710 1121 in
2784 1055 3030 1121 effectu

912 1158 1165 1238 quanto
1210 1153 1581 1218 devotionis
1642 1153 1903 1219 fervore
1969 1156 2286 1241 martyris
2351 1156 2714 1242 supradicti
2775 1178 3028 1221 memo-

912 1256 1079 1321 riam
1144 1260 1513 1335 veneretur,
1580 1257 2100 1323 sacratissimum
2164 1279 2397 1344 corpus
2467 1259 2609 1343 ejus
2677 1259 3024 1323 sublevare

914 1358 1226 1445 proponit
1290 1357 1373 1422 de
1434 1363 1627 1434 terra,
1692 1359 2042 1443 ipsumque
2106 1359 2502 1439 translatum
2573 1360 3030 1425 honorabilius

917 1461 1273 1539 collocare;
1332 1479 1481 1524 cum
1504 1458 1781 1545 dignum
1810 1460 1939 1525 sibi
1971 1466 2040 1525 et
2069 1461 2428 1526 condecens
2459 1463 2782 1540 videatur,
2813 1462 3029 1537 illum,

920 1566 1243 1647 quantum
1309 1562 1383 1625 in
1442 1581 1519 1626 eo
1578 1566 1697 1640 est,
1744 1562 2040 1627 exaltare
2103 1563 2176 1627 in
2227 1566 2423 1639 terra,
2469 1585 2666 1649 quem
2728 1564 2803 1628 in
2861 1564 3028 1629 coelo

921 1664 1247 1729 Dominus
1324 1662 1664 1727 exaltavit
1812 1662 1953 1727 Nos
2021 1662 2228 1748 igitur
2293 1663 2480 1749 pium
2557 1669 2627 1729 et
2691 1664 3026 1730 laudabile

920 1764 1393 1852 archiepiscopi
1462 1765 1813 1830 memorati
1889 1766 2304 1850 propositum
2371 1772 2806 1851 acceptantes,
2873 1768 3029 1831 uni-

920 1868 1305 1934 versitatem
1354 1870 1641 1931 vestram
1702 1865 2097 1931 monendam
2143 1865 2453 1931 duximus
2498 1872 2568 1933 et
2613 1867 3028 1944 hortandam,

920 1993 1038 2057 per
1066 1967 1425 2055 apostolica
1464 1966 1651 2031 vobis
1696 1968 1943 2053 scripta
1986 1968 2397 2045 mandantes,
2425 1974 2752 2055 quatenus
2795 1990 3026 2055 pacem

920 2078 1225 2139 mutuam
1301 2076 1371 2136 et
1442 2069 1857 2135 concordiam
1933 2071 2005 2134 in
2067 2071 2364 2136 caritatis
2427 2072 2694 2137 vinculo
2765 2092 3028 2137 conser—

920 2180 1171 2251 vantes,
1217 2178 1471 2239 vestras
1516 2172 1948 2237 conscientias
2000 2172 2258 2237 cunctis
2317 2172 2864 2257 perversitatibus
2909 2194 3026 2237 ex-

918 2276 1137 2363 pietis,
1185 2279 1256 2339 et
1300 2274 1395 2341 sic
1440 2294 1558 2339 vos
1603 2273 1676 2337 in
1718 2273 1912 2339 bonis
1971 2272 2295 2339 studeatis
2355 2274 2662 2358 operibus
2705 2294 3027 2349 exercere,

920 2384 1001 2445 ut
1044 2398 1195 2444 cum
1256 2374 1393 2441 dies
1454 2376 1663 2461 ipsius
1723 2374 2163 2440 solemnitatis
2224 2375 2588 2452 advenerit,
2635 2376 2704 2439 in
2750 2396 3024 2441 occursu

918 2479 1125 2547 vestri
1186 2476 1585 2542 sanctissimi
1648 2475 1962 2559 martyris
2027 2480 2095 2539 et
2147 2476 2428 2560 patroni,
2491 2477 2708 2563 ipsum
2753 2477 3026 2562 possitis

919 2578 1425 2647 honorificentia
1498 2575 1724 2642 debita
1798 2575 2030 2641 taliter
2094 2578 2412 2653 venerari,
2481 2578 2656 2663 quod
2733 2577 3026 2644 doceatis

918 2683 1082 2750 alios
1140 2702 1259 2768 per
1304 2678 1681 2763 exemplum
1746 2683 2072 2764 quantum
2113 2678 2257 2743 'esse
2301 2678 2538 2745 debeat
2581 2678 2852 2744 celebris
2902 2700 3026 2765 per

920 2784 1187 2849 diversa
1230 2779 1464 2846 mundi
1508 2780 1777 2845 climata
1830 2777 2098 2865 praefati
2153 2779 2464 2864 martyris
2525 2780 2840 2845 memoria
2879 2780 3026 2867 glo-

918 2887 1105 2952 riosa.
1198 2882 1379 2950 Data
1408 2880 1717 2948 Inter-ani
1762 2886 1997 2948 octavo
2043 2877 2363 2953 kalendas
2408 2879 2770 2962 Februarii,
2799 2880 3025 2968 ponti-

918 2988 1154 3056 ficatus
1198 2985 1409 3052 nostri
1452 3003 1629 3050 anno
1673 2981 1888 3048 tei-tic.

1752 3387 2184 3458 DOCCVIII.

1030 3558 1408 3625 Hononms
1453 3571 1631 3622 PAPA
1673 3570 1771 3619 AD
1816 3553 2233 3621 WALrnmm
2277 3569 2586 3622 Pmoun-M
2634 3573 2718 3622 m*
2761 3571 2928 3623 con-

1492 3673 1784 3723 vnm‘tm
1829 3655 2450 3722 Oanwsamnsmx.

1768 3809 1861 3873 (G.
1885 3809 1996 3862 1³01.
2023 3813 2162 3872 383.)

578 3940 811 4001 Dec-1⁸·
1007 3943 1345 4011 Honorius
1405 3961 1593 4027 papa,
1642 3941 1753 4007 &a
1801 3940 2198 4007 dulcissimis
2258 3937 2413 4004 filiis
2471 3939 2676 4024 priori
2736 3944 2806 4006 et
2863 3961 3022 4007 con-

584 4011 725 4056 ¹²²⁰⁰
914 4046 1151 4113 ventui
1197 4043 1483 4110 ecclesiae
1530 4040 1783 4108 Christi
1831 4040 2346 4118 Cantuariensis,
2390 4039 2671 4105 salutem
2731 4046 2802 4105 et
2859 4061 3020 4128 apo·

916 4146 1216 4214 stolicam
1262 4142 1802 4210 benedictionem.

573 4237 763 4368 {233³
786 4317 856 4352 on
1005 4248 1313 4316 Ecclesiae
1381 4250 1635 4323 vestrae,
1699 4265 1897 4331 quam
1958 4243 2354 4311 venerabilis
2421 4249 2675 4329 martyr
2733 4243 3021 4312 Thomas

573 4368 816 4419 oemion
913 4351 1206 4420 reddidit
1274 4349 1376 4414 sui
1445 4349 1729 4435 corporis
1805 4348 2123 4434 sanguine
2190 4347 2580 4424 decoratam,
2639 4345 2830 4412 illum
2894 4369 3018 4414 nos

576 4435 635 4485 of
653 4435 741 4484 ²¹¹⁸
914 4457 1102 4522 decet
1160 4451 1492 4538 impartiri
1552 4451 1862 4528 favorem,
1911 4453 2006 4528 ut,
2052 4450 2222 4515 sicut
2282 4449 2458 4514 inter
2505 4449 2669 4514 alias
2727 4449 3016 4516 nominis

572 4499 888 4552 ”mamm
914 4564 1016 4623 est,
1061 4554 1328 4641 majoris
1389 4557 1459 4618 et
1504 4552 1719 4628 famae,
1772 4551 1868 4617 sic
1937 4550 2116 4638 apud
2175 4571 2294 4616 nos
2341 4551 2706 4617 Romanam
2750 4551 3014 4617 effetam

912 4659 1246 4728 ecclesiam
1297 4655 1806 4742 praerogativam
1852 4660 2119 4740 reparat
2163 4653 2398 4740 gratiae
2443 4653 2759 4740 specialis.
2840 4653 3010 4722 cum
