3634 5800
536 804 541 810 ’
606 829 737 878 A.D.
776 812 1087 897 1175-6.]
1495 826 1854 875 EPISTOLAE.
2580 814 2708 877 569

605 1012 1032 1100 privilegium
1076 1012 1395 1078 beneficio
1439 1010 1812 1099 apostolicae
1878 1010 2054 1103 sedis
2095 1011 2458 1092 indultum,
2503 1016 2601 1079 et·
2636 1018 2710 1077 tu

606 1120 677 1180 et
738 1115 1237 1201 praedecessores
1304 1114 1408 1179 tui
1474 1114 1545 1178 id
1597 1113 1807 1180 facere
1855 1114 2304 1192 consuevistiS,
2369 1120 2526 1181 ante
2594 1136 2714 1181 vos

607 1238 728 1304 per
770 1221 983 1282 totam
1028 1216 1343 1303 Angliam
1387 1237 1641 1282 crucem
1672 1214 1939 1296 deferre,
1982 1236 2322 1301 quousque
2353 1215 2714 1282 diffinitiva

608 1317 941 1383 sententia
984 1318 1376 1383 decernatur
1428 1316 1590 1403 quid
1638 1316 1910 1382 ecclesia
1955 1320 2076 1382 tua
2123 1315 2359 1381 debeat
2427 1316 2508 1383 de
2564 1317 2716 1403 jure

610 1419 867 1486 habere.
970 1465 981 1477 x

1485 1804 1914 1873 DOOXOIX.

724 1962 1139 2027 STEPHANUS
1186 1961 1249 2027 S.
1297 1961 1599 2026 Evtm‘m
1645 1960 2222 2029 AURELIANENSIS
2267 1974 2508 2039 ABBAs,
2553 1977 2652 2025 An

978 2062 1025 2128 J
1027 2078 1321 2127 οΑΝΝΕΜ
1368 2061 1891 2129 Pmmvmnsnu
1937 2076 2373 2128 nmscoptms*

1075 2215 1281 2279 (Steph.
1305 2215 1521 2267 Tornac.
1543 2216 1643 2279 Ep.
1666 2220 1747 2275 25,
1781 2230 1866 2280 ap.
1889 2214 2082 2280 Migne,
2107 2214 2263 2277 ccxi.)

712 2345 1146 2411 Sanctissimo
1215 2344 1509 2429 [domino
1532 2343 1585 2430 ¹]
1632 2350 1703 2410 et
1770 2346 1947 2431 patri
1995 2345 2043 2410 J
2044 2345 2245 2409 oanni
2303 2344 2728 2425 Pictaviensi‚

622 2447 997 2534 apostolicae
1044 2446 1217 2511 sedis
1261 2446 1479 2533 legato
1525 2446 1828 2527 salutem,
1875 2452 1944 2511 et
1989 2467 2188 2534 quam
2235 2448 2525 2512 mundus
2575 2448 2731 2513 dare

622 2570 756 2613 non
800 2553 1021 2633 potest
1063 2569 1306 2633 pacem.

716 2650 1316 2735 Peregrinationem
1363 2654 1652 2714 vestram
1697 2649 2003 2715 absentia
2049 2652 2225 2715 tanti
2291 2650 2500 2738 patris
2565 2650 2731 2715 mihi
2759 2658 3043 2737 Copgratu-

624 2752 868 2819 fecerat
957 2773 1246 2835 gravem,
1339 2752 1609 2817 devotio
1684 2752 1861 2817 tanti
1953 2753 2268 2839 martyris
2357 2753 2730 2839 gratiosam.
2758 2725 2926 2789 latmg

2759 2790 2900 2841 «John
2933 2807 3002 2841 on

624 2854 958 2921 Redeunti
1032 2875 1292 2919 summa
1365 2854 1731 2940 gratiarum
1823 2854 2083 2921 actione
2174 2853 2369 2922 laetus
2446 2876 2732 2934 occur-m,
2756 2857 2838 2908 his
2860 2864 3036 2908 return

625 2981 821 3045 quem
866 2978 1124 3022 summa
1169 2957 1545 3040 orationum
1592 2958 1918 3022 instantia
1986 2959 2199 3023 tristis
2267 2959 2522 3024 fueram
2586 2981 2733 3045 pro·
2761 2925 3058 3056 ffifflge

626 3066 904 3126 secutus
1001 3060 1317 3124 Reditum
1387 3059 1841 3124 desiderabam
1909 3061 2243 3126 communi
2311 3060 2544 3140 salute,
2614 3083 2732 3146 pro
2761 3059 2814 3107 in
2837 3057 3038 3108 honour

627 3185 785 3250 pace
860 3162 1175 3250 principis
1252 3162 1471 3226 minus
1560 3161 1879 3226 sollicitus
1969 3163 2128 3247 quia
2203 3163 2424 3228 minus
2499 3164 2734 3228 solitus
2759 3123 2998 3240 ‘'iffiffias.

628 3286 917 3330 exorare.
1013 3262 1433 3329 Cumulatius
1500 3264 1772 3328 accessit
1839 3263 2017 3328 votis
2081 3264 2244 3329 meis
2314 3264 2736 3331 salutationis

629 3366 939 3440 officium,
987 3369 1057 3430 et
1100 3364 1280 3450 pacis
1325 3364 1589 3450 signum
1635 3364 1857 3430 osculo
1905 3365 2039 3430 oris
2084 3365 2188 3430 sui
2235 3366 2425 3431 vobis
2469 3387 2511 3430 a
2555 3367 2735 3453 prin·
2764 3366 2862 3446 ῌὶρ
2886 3382 3065 3446 recon-

630 3467 773 3553 cipe
818 3468 1069 3544 datum,
1115 3467 1281 3531 levis
1327 3465 1492 3530 mihi
1540 3467 1887 3532 nuntiavit
1932 3467 2254 3546 chartula,
2318 3468 2542 3555 gravis
2610 3469 2737 3532 lin-
2763 3435 3033 3565 ssissffffissg

630 3591 779 3656 gua.
874 3568 1141 3634 Crescat
1202 3569 1431 3646 indieS,
1477 3569 1757 3647 obsecre,
1805 3569 2062 3655 gratia3
2131 3591 2277 3654 quae
2321 3575 2548 3635 tamen
2591 3591 2737 3657 gra-
2765 3569 2962 3632 Hem-y.

629 3673 879 3737 tiarum
964 3692 1100 3736 non
1174 3671 1520 3757 displiceat
1612 3671 1888 3749 auctori,
1964 3692 2086 3736 nec
2162 3671 2364 3750 dulia,
2441 3693 2592 3759 quae
2667 3672 2740 3737 in

633 3773 1028 3858 quibusdam
1058 3772 1268 3838 nostri
1300 3773 1613 3859 temporis
1644 3772 2092 3838 sacerdotibus
2137 3773 2401 3840 latriam
2439 3775 2739 3852 exclusit,

630 3885 919 3944 vestram
964 3879 1210 3944 audeat
1254 3879 1635 3965 opinionem
1680 3883 1960 3944 tentare.

650 4047 706 4052 —-
745 4045 1598 4054 ——0-———-———-—-—————-
1631 4045 1666 4050 —
1723 4045 1822 4050 —-—

706 4133 721 4165 ¹
752 4133 881 4183 This
904 4133 1045 4182 word
1080 4145 1243 4182 seems
1276 4137 1331 4180 to
1368 4130 1500 4181 have
1540 4131 1670 4180 been
1718 4128 2059 4195 accidentally
2091 4130 2303 4181 omitted
2337 4130 2390 4180 in
2425 4132 2512 4182 the
2544 4133 2742 4196 printed

632 4229 781 4277 copy.

698 4425 720 4447 ⁸
752 4415 877 4466 This
930 4415 1075 4465 letter
1129 4419 1265 4464 must
1320 4413 1452 4463 have
1506 4413 1635 4463 been
1739 4411 2158 4476 archbishoprick
2214 4413 2274 4464 of
2323 4413 2515 4480 Lyons.
2628 4415 2742 4468 The

630 4495 831 4544 written
888 4493 1059 4543 before
1109 4497 1251 4550 1182,
1294 4491 1445 4541 when
1492 4491 1634 4542 John
1738 4488 1908 4541 writer
1943 4493 2152 4542 became
2187 4492 2370 4557 bisbop
2410 4493 2467 4545 of
2501 4495 2743 4561 Tourmy

631 4588 735 4624 was
758 4573 1017 4636 promoted
1050 4571 1185 4622 from
1219 4570 1433 4622 Poitiers
1468 4577 1523 4620 to
1545 4569 1634 4619 the
1738 4571 1795 4618 in
1824 4573 1966 4622 1192.
