<?xml version="1.0" encoding="UTF-8"?>
<!DOCTYPE html PUBLIC "-//W3C//DTD XHTML 1.0 Transitional//EN"
    "http://www.w3.org/TR/xhtml1/DTD/xhtml1-transitional.dtd">
<html xmlns="http://www.w3.org/1999/xhtml" xml:lang="en" lang="en">
 <head>
  <title>
</title>
<meta http-equiv="Content-Type" content="text/html;charset=utf-8" />
  <meta name='ocr-system' content='tesseract 3.04.00' />
  <meta name='ocr-capabilities' content='ocr_page ocr_carea ocr_par ocr_line ocrx_word'/>
</head>
<body>
  <div class='ocr_page' id='page_1' title='image "./materialsforhis00herbgoog_0157.png"; bbox 0 0 3634 5800; ppageno 0'>
   <div class='ocr_carea' id='block_1_1' title="bbox 0 619 308 5383">
    <p class='ocr_par' dir='ltr' id='par_1_1' title="bbox 0 619 308 5383">
     <span class='ocr_line' id='line_1_1' title="bbox 0 619 308 5383; baseline 0 0"><span class='ocrx_word' id='word_1_1' title='bbox 0 619 308 5383; x_wconf 95' lang='lat' dir='ltr'><strong> </strong></span> 
     </span>
    </p>
   </div>
   <div class='ocr_carea' id='block_1_2' title="bbox 490 3147 787 3264">
    <p class='ocr_par' dir='ltr' id='par_1_2' title="bbox 490 3147 787 3264">
     <span class='ocr_line' id='line_1_2' title="bbox 492 3147 787 3196; baseline 0.003 -1"><span class='ocrx_word' id='word_1_2' title='bbox 492 3147 661 3196; x_wconf 83' lang='lat' dir='ltr'><strong>Foliot</strong></span> <span class='ocrx_word' id='word_1_3' title='bbox 684 3147 787 3196; x_wconf 80' lang='lat' dir='ltr'><strong>and</strong></span> 
     </span>
     <span class='ocr_line' id='line_1_3' title="bbox 490 3213 659 3264; baseline 0.006 -1"><span class='ocrx_word' id='word_1_4' title='bbox 490 3213 659 3264; x_wconf 80' lang='lat' dir='ltr'><strong>Ridel.</strong></span> 
     </span>
    </p>
   </div>
   <div class='ocr_carea' id='block_1_3' title="bbox 486 4243 716 4444">
    <p class='ocr_par' dir='ltr' id='par_1_3' title="bbox 486 4243 716 4444">
     <span class='ocr_line' id='line_1_4' title="bbox 486 4243 716 4358; baseline -0.004 -62"><span class='ocrx_word' id='word_1_5' title='bbox 486 4243 716 4358; x_wconf 47' lang='grc' dir='ltr'><strong>ὲςαίυεῐ</strong></span> 
     </span>
     <span class='ocr_line' id='line_1_5' title="bbox 488 4327 685 4444; baseline 0.005 -17"><span class='ocrx_word' id='word_1_6' title='bbox 488 4327 685 4444; x_wconf 60' lang='grc' dir='ltr'><strong>έὲἕη.</strong></span> 
     </span>
    </p>
   </div>
   <div class='ocr_carea' id='block_1_4' title="bbox 349 5385 593 5763">
    <p class='ocr_par' dir='ltr' id='par_1_4' title="bbox 325 5375 605 5764">
     <span class='ocr_line' id='line_1_6' title="bbox 349 5385 593 5763; baseline 0.004 0.086"><span class='ocrx_word' id='word_1_7' title='bbox 349 5385 593 5763; x_wconf 57' lang='lat' dir='ltr'>l</span> 
     </span>
    </p>
   </div>
   <div class='ocr_carea' id='block_1_5' title="bbox 238 0 3498 71">
    <p class='ocr_par' dir='ltr' id='par_1_5' title="bbox 238 0 3498 71">
     <span class='ocr_line' id='line_1_7' title="bbox 238 0 3498 71; baseline 0 5729"><span class='ocrx_word' id='word_1_8' title='bbox 238 0 3498 71; x_wconf 95' lang='lat' dir='ltr'><strong> </strong></span> 
     </span>
    </p>
   </div>
   <div class='ocr_carea' id='block_1_6' title="bbox 834 878 2942 961">
    <p class='ocr_par' dir='ltr' id='par_1_6' title="bbox 834 878 2942 961">
     <span class='ocr_line' id='line_1_8' title="bbox 834 878 2942 961; baseline 0.001 -20"><span class='ocrx_word' id='word_1_9' title='bbox 834 878 961 941; x_wconf 80' lang='lat'><strong>132</strong></span> <span class='ocrx_word' id='word_1_10' title='bbox 1710 891 2068 941; x_wconf 65' lang='lat' dir='ltr'><strong>Errs&#39;rOLAE.</strong></span> <span class='ocrx_word' id='word_1_11' title='bbox 2561 878 2719 961; x_wconf 56' lang='lat' dir='ltr'><strong>[an.</strong></span> <span class='ocrx_word' id='word_1_12' title='bbox 2754 880 2942 945; x_wconf 88' lang='grc'>1169-</span> 
     </span>
    </p>
   </div>
   <div class='ocr_carea' id='block_1_7' title="bbox 830 1080 2944 3397">
    <p class='ocr_par' dir='ltr' id='par_1_7' title="bbox 830 1080 2944 3397">
     <span class='ocr_line' id='line_1_9' title="bbox 832 1080 2944 1169; baseline 0 -22"><span class='ocrx_word' id='word_1_13' title='bbox 832 1084 1043 1168; x_wconf 90' lang='lat' dir='ltr'><strong>runt,)</strong></span> <span class='ocrx_word' id='word_1_14' title='bbox 1096 1100 1569 1167; x_wconf 77' lang='lat' dir='ltr'><strong>usquequaque</strong></span> <span class='ocrx_word' id='word_1_15' title='bbox 1615 1080 2305 1167; x_wconf 73' lang='lat' dir='ltr'><strong>obtemperaverimus,</strong></span> <span class='ocrx_word' id='word_1_16' title='bbox 2401 1082 2491 1147; x_wconf 89' lang='lat' dir='ltr'><strong>Et</strong></span> <span class='ocrx_word' id='word_1_17' title='bbox 2535 1083 2754 1151; x_wconf 84' lang='lat' dir='ltr'><strong>adhuc</strong></span> <span class='ocrx_word' id='word_1_18' title='bbox 2797 1084 2944 1169; x_wconf 89' lang='lat' dir='ltr'><strong>qui·</strong></span> 
     </span>
     <span class='ocr_line' id='line_1_10' title="bbox 834 1180 2943 1269; baseline 0 -19"><span class='ocrx_word' id='word_1_19' title='bbox 834 1186 1003 1260; x_wconf 87' lang='lat' dir='ltr'><strong>dem,</strong></span> <span class='ocrx_word' id='word_1_20' title='bbox 1064 1190 1392 1269; x_wconf 90' lang='lat' dir='ltr'><strong>quantum</strong></span> <span class='ocrx_word' id='word_1_21' title='bbox 1447 1182 1631 1248; x_wconf 79' lang='lat' dir='ltr'><strong>salvo</strong></span> <span class='ocrx_word' id='word_1_22' title='bbox 1676 1180 1922 1249; x_wconf 66' lang='lat' dir='ltr'><strong>ord-ine</strong></span> <span class='ocrx_word' id='word_1_23' title='bbox 1965 1203 2108 1249; x_wconf 77' lang='lat' dir='ltr'><strong>meo</strong></span> <span class='ocrx_word' id='word_1_24' title='bbox 2158 1189 2227 1248; x_wconf 88' lang='lat' dir='ltr'><strong>et</strong></span> <span class='ocrx_word' id='word_1_25' title='bbox 2277 1182 2604 1249; x_wconf 85' lang='lat' dir='ltr'><strong>fidelitate</strong></span> <span class='ocrx_word' id='word_1_26' title='bbox 2653 1185 2943 1251; x_wconf 84' lang='lat' dir='ltr'><strong>ecclesiae</strong></span> 
     </span>
     <span class='ocr_line' id='line_1_11' title="bbox 836 1284 2942 1372; baseline 0.001 -21"><span class='ocrx_word' id='word_1_27' title='bbox 836 1286 1155 1352; x_wconf 86' lang='lat' dir='ltr'><strong>Romanae</strong></span> <span class='ocrx_word' id='word_1_28' title='bbox 1192 1286 1217 1325; x_wconf 82' lang='lat'>¹</span> <span class='ocrx_word' id='word_1_29' title='bbox 1277 1291 1526 1372; x_wconf 80' lang='lat' dir='ltr'><strong>potem,</strong></span> <span class='ocrx_word' id='word_1_30' title='bbox 1572 1286 1747 1370; x_wconf 88' lang='lat' dir='ltr'><strong>regis</strong></span> <span class='ocrx_word' id='word_1_31' title='bbox 1797 1290 1868 1350; x_wconf 91' lang='lat' dir='ltr'><strong>et</strong></span> <span class='ocrx_word' id='word_1_32' title='bbox 1913 1285 2103 1371; x_wconf 86' lang='lat' dir='ltr'><strong>regni</strong></span> <span class='ocrx_word' id='word_1_33' title='bbox 2136 1284 2508 1371; x_wconf 53' lang='lat' dir='ltr'><strong>dignitates</strong></span> <span class='ocrx_word' id='word_1_34' title='bbox 2555 1307 2942 1353; x_wconf 86' lang='lat' dir='ltr'><strong>conservare</strong></span> 
     </span>
     <span class='ocr_line' id='line_1_12' title="bbox 835 1387 2944 1477; baseline 0 -21"><span class='ocrx_word' id='word_1_35' title='bbox 835 1396 904 1456; x_wconf 88' lang='lat' dir='ltr'><strong>et</strong></span> <span class='ocrx_word' id='word_1_36' title='bbox 970 1410 1212 1477; x_wconf 84' lang='lat' dir='ltr'><strong>augere</strong></span> <span class='ocrx_word' id='word_1_37' title='bbox 1256 1392 1527 1475; x_wconf 85' lang='lat' dir='ltr'><strong>paratus</strong></span> <span class='ocrx_word' id='word_1_38' title='bbox 1587 1410 1777 1468; x_wconf 83' lang='lat' dir='ltr'><strong>sum3</strong></span> <span class='ocrx_word' id='word_1_39' title='bbox 1842 1387 1956 1453; x_wconf 86' lang='lat' dir='ltr'><strong>sed</strong></span> <span class='ocrx_word' id='word_1_40' title='bbox 2002 1393 2267 1455; x_wconf 87' lang='lat' dir='ltr'><strong>auctore</strong></span> <span class='ocrx_word' id='word_1_41' title='bbox 2329 1389 2471 1455; x_wconf 90' lang='lat' dir='ltr'><strong>Deo</strong></span> <span class='ocrx_word' id='word_1_42' title='bbox 2516 1412 2760 1455; x_wconf 86' lang='lat' dir='ltr'><strong>novam</strong></span> <span class='ocrx_word' id='word_1_43' title='bbox 2782 1389 2808 1429; x_wconf 78' lang='lat'><strong>²</strong></span> <span class='ocrx_word' id='word_1_44' title='bbox 2875 1396 2944 1457; x_wconf 91' lang='lat' dir='ltr'><strong>et</strong></span> 
     </span>
     <span class='ocr_line' id='line_1_13' title="bbox 833 1490 2943 1579; baseline 0 -22"><span class='ocrx_word' id='word_1_45' title='bbox 833 1493 1266 1579; x_wconf 77' lang='lat' dir='ltr'><strong>perniciosam</strong></span> <span class='ocrx_word' id='word_1_46' title='bbox 1333 1490 1676 1557; x_wconf 87' lang='lat' dir='ltr'><strong>fidelitatis</strong></span> <span class='ocrx_word' id='word_1_47' title='bbox 1722 1490 2018 1569; x_wconf 87' lang='lat' dir='ltr'><strong>formam,</strong></span> <span class='ocrx_word' id='word_1_48' title='bbox 2066 1492 2369 1577; x_wconf 82' lang='lat' dir='ltr'><strong>exemplo</strong></span> <span class='ocrx_word' id='word_1_49' title='bbox 2429 1493 2578 1573; x_wconf 88' lang='lat' dir='ltr'><strong>mei,</strong></span> <span class='ocrx_word' id='word_1_50' title='bbox 2624 1493 2696 1557; x_wconf 90' lang='lat' dir='ltr'><strong>in</strong></span> <span class='ocrx_word' id='word_1_51' title='bbox 2742 1493 2943 1560; x_wconf 83' lang='lat' dir='ltr'><strong>eccle-</strong></span> 
     </span>
     <span class='ocr_line' id='line_1_14' title="bbox 835 1592 2941 1679; baseline -0 -19"><span class='ocrx_word' id='word_1_52' title='bbox 835 1596 1002 1661; x_wconf 87' lang='lat' dir='ltr'><strong>siam</strong></span> <span class='ocrx_word' id='word_1_53' title='bbox 1046 1594 1176 1660; x_wconf 88' lang='lat' dir='ltr'><strong>Dei</strong></span> <span class='ocrx_word' id='word_1_54' title='bbox 1220 1614 1564 1679; x_wconf 85' lang='lat' dir='ltr'><strong>nunquam</strong></span> <span class='ocrx_word' id='word_1_55' title='bbox 1610 1592 1898 1659; x_wconf 75' lang='lat' dir='ltr'><strong>inducet.</strong></span> <span class='ocrx_word' id='word_1_56' title='bbox 1991 1593 2155 1659; x_wconf 91' lang='lat' dir='ltr'><strong>Peto</strong></span> <span class='ocrx_word' id='word_1_57' title='bbox 2229 1598 2453 1659; x_wconf 90' lang='lat' dir='ltr'><strong>autem</strong></span> <span class='ocrx_word' id='word_1_58' title='bbox 2520 1598 2602 1675; x_wconf 81' lang='lat' dir='ltr'><strong>ut</strong></span> <span class='ocrx_word' id='word_1_59' title='bbox 2644 1595 2811 1659; x_wconf 89' lang='lat' dir='ltr'><strong>mihi</strong></span> <span class='ocrx_word' id='word_1_60' title='bbox 2873 1600 2941 1659; x_wconf 91' lang='lat' dir='ltr'><strong>et</strong></span> 
     </span>
     <span class='ocr_line' id='line_1_15' title="bbox 836 1694 2941 1782; baseline 0 -21"><span class='ocrx_word' id='word_1_61' title='bbox 836 1697 998 1761; x_wconf 86' lang='lat' dir='ltr'><strong>meis</strong></span> <span class='ocrx_word' id='word_1_62' title='bbox 1062 1695 1289 1761; x_wconf 84' lang='lat' dir='ltr'><strong>ablata</strong></span> <span class='ocrx_word' id='word_1_63' title='bbox 1348 1695 1665 1760; x_wconf 84' lang='lat' dir='ltr'><strong>restituat</strong></span> <span class='ocrx_word' id='word_1_64' title='bbox 1738 1700 1860 1760; x_wconf 83' lang='lat' dir='ltr'><strong>aut</strong></span> <span class='ocrx_word' id='word_1_65' title='bbox 1934 1694 2320 1772; x_wconf 85' lang='lat' dir='ltr'><strong>satisfaciat,</strong></span> <span class='ocrx_word' id='word_1_66' title='bbox 2396 1716 2547 1781; x_wconf 87' lang='lat' dir='ltr'><strong>quae</strong></span> <span class='ocrx_word' id='word_1_67' title='bbox 2616 1697 2826 1782; x_wconf 85' lang='lat' dir='ltr'><strong>gratis</strong></span> <span class='ocrx_word' id='word_1_68' title='bbox 2869 1702 2941 1761; x_wconf 90' lang='lat' dir='ltr'><strong>et</strong></span> 
     </span>
     <span class='ocr_line' id='line_1_16' title="bbox 835 1796 2939 1883; baseline 0 -20"><span class='ocrx_word' id='word_1_69' title='bbox 835 1800 1083 1883; x_wconf 84' lang='lat' dir='ltr'><strong>absque</strong></span> <span class='ocrx_word' id='word_1_70' title='bbox 1128 1818 1327 1863; x_wconf 88' lang='lat' dir='ltr'><strong>causa</strong></span> <span class='ocrx_word' id='word_1_71' title='bbox 1386 1798 1678 1861; x_wconf 86' lang='lat' dir='ltr'><strong>resident</strong></span> <span class='ocrx_word' id='word_1_72' title='bbox 1739 1818 1940 1883; x_wconf 89' lang='lat' dir='ltr'><strong>penes</strong></span> <span class='ocrx_word' id='word_1_73' title='bbox 2002 1796 2239 1883; x_wconf 87' lang='lat' dir='ltr'><strong>ipsum.</strong></span> <span class='ocrx_word' id='word_1_74' title='bbox 2330 1798 2508 1862; x_wconf 86' lang='lat' dir='ltr'><strong>Nam</strong></span> <span class='ocrx_word' id='word_1_75' title='bbox 2569 1803 2640 1863; x_wconf 89' lang='lat' dir='ltr'><strong>et</strong></span> <span class='ocrx_word' id='word_1_76' title='bbox 2683 1800 2939 1863; x_wconf 88' lang='lat' dir='ltr'><strong>nuntiis</strong></span> 
     </span>
     <span class='ocr_line' id='line_1_17' title="bbox 836 1898 2938 1986; baseline -0 -21"><span class='ocrx_word' id='word_1_77' title='bbox 836 1906 906 1965; x_wconf 88' lang='lat' dir='ltr'><strong>et</strong></span> <span class='ocrx_word' id='word_1_78' title='bbox 948 1900 1099 1965; x_wconf 86' lang='lat' dir='ltr'><strong>aliis</strong></span> <span class='ocrx_word' id='word_1_79' title='bbox 1153 1898 1453 1986; x_wconf 89' lang='lat' dir='ltr'><strong>pluribus</strong></span> <span class='ocrx_word' id='word_1_80' title='bbox 1483 1898 1703 1984; x_wconf 80' lang='lat' dir='ltr'><strong>‘palam</strong></span> <span class='ocrx_word' id='word_1_81' title='bbox 1734 1898 2066 1965; x_wconf 85' lang='lat' dir='ltr'><strong>confessus</strong></span> <span class='ocrx_word' id='word_1_82' title='bbox 2099 1905 2201 1965; x_wconf 89' lang='lat' dir='ltr'><strong>est</strong></span> <span class='ocrx_word' id='word_1_83' title='bbox 2229 1900 2424 1985; x_wconf 89' lang='lat' dir='ltr'><strong>quod,</strong></span> <span class='ocrx_word' id='word_1_84' title='bbox 2453 1900 2538 1965; x_wconf 91' lang='lat' dir='ltr'><strong>de</strong></span> <span class='ocrx_word' id='word_1_85' title='bbox 2584 1904 2728 1965; x_wconf 89' lang='lat' dir='ltr'><strong>toto</strong></span> <span class='ocrx_word' id='word_1_86' title='bbox 2772 1905 2938 1965; x_wconf 86' lang='lat' dir='ltr'><strong>tem-</strong></span> 
     </span>
     <span class='ocr_line' id='line_1_18' title="bbox 834 2002 2938 2088; baseline 0.001 -23"><span class='ocrx_word' id='word_1_87' title='bbox 834 2024 992 2088; x_wconf 89' lang='lat' dir='ltr'><strong>pore</strong></span> <span class='ocrx_word' id='word_1_88' title='bbox 1021 2002 1424 2067; x_wconf 83' lang='lat' dir='ltr'><strong>cancellariae</strong></span> <span class='ocrx_word' id='word_1_89' title='bbox 1454 2024 1575 2067; x_wconf 89' lang='lat' dir='ltr'><strong>nec</strong></span> <span class='ocrx_word' id='word_1_90' title='bbox 1619 2004 1917 2087; x_wconf 83' lang='lat' dir='ltr'><strong>pecuniae</strong></span> <span class='ocrx_word' id='word_1_91' title='bbox 1948 2024 2068 2069; x_wconf 87' lang='lat' dir='ltr'><strong>nec</strong></span> <span class='ocrx_word' id='word_1_92' title='bbox 2113 2002 2709 2069; x_wconf 74' lang='lat' dir='ltr'><strong>administrationis</strong></span> <span class='ocrx_word' id='word_1_93' title='bbox 2739 2004 2938 2069; x_wconf 85' lang='lat' dir='ltr'><strong>ratio-</strong></span> 
     </span>
     <span class='ocr_line' id='line_1_19' title="bbox 836 2102 2936 2189; baseline 0 -20"><span class='ocrx_word' id='word_1_94' title='bbox 836 2126 987 2169; x_wconf 87' lang='lat' dir='ltr'><strong>nem</strong></span> <span class='ocrx_word' id='word_1_95' title='bbox 1034 2104 1262 2189; x_wconf 78' lang='lat' dir='ltr'><strong>exigit.</strong></span> <span class='ocrx_word' id='word_1_96' title='bbox 1332 2102 1397 2167; x_wconf 90' lang='lat' dir='ltr'>N</span> <span class='ocrx_word' id='word_1_97' title='bbox 1402 2124 1475 2168; x_wconf 83' lang='lat' dir='ltr'><strong>ec</strong></span> <span class='ocrx_word' id='word_1_98' title='bbox 1520 2124 1625 2167; x_wconf 88' lang='lat' dir='ltr'><strong>me</strong></span> <span class='ocrx_word' id='word_1_99' title='bbox 1672 2109 1940 2168; x_wconf 85' lang='lat' dir='ltr'><strong>tantum</strong></span> <span class='ocrx_word' id='word_1_100' title='bbox 1989 2104 2388 2189; x_wconf 81' lang='lat' dir='ltr'><strong>perturbant</strong></span> <span class='ocrx_word' id='word_1_101' title='bbox 2431 2104 2674 2170; x_wconf 88' lang='lat' dir='ltr'><strong>damna</strong></span> <span class='ocrx_word' id='word_1_102' title='bbox 2716 2127 2936 2169; x_wconf 87' lang='lat' dir='ltr'><strong>rerum</strong></span> 
     </span>
     <span class='ocr_line' id='line_1_20' title="bbox 837 2205 2936 2293; baseline -0 -21"><span class='ocrx_word' id='word_1_103' title='bbox 837 2212 1161 2292; x_wconf 89' lang='lat' dir='ltr'><strong>quantum</strong></span> <span class='ocrx_word' id='word_1_104' title='bbox 1206 2206 1525 2291; x_wconf 83' lang='lat' dir='ltr'><strong>pernicies</strong></span> <span class='ocrx_word' id='word_1_105' title='bbox 1570 2205 1876 2290; x_wconf 83' lang='lat' dir='ltr'><strong>exempli,</strong></span> <span class='ocrx_word' id='word_1_106' title='bbox 1908 2206 2087 2291; x_wconf 90' lang='lat' dir='ltr'><strong>quod</strong></span> <span class='ocrx_word' id='word_1_107' title='bbox 2131 2210 2498 2270; x_wconf 62' lang='lat' dir='ltr'><strong>coaetaneos</strong></span> <span class='ocrx_word' id='word_1_108' title='bbox 2529 2212 2599 2271; x_wconf 90' lang='lat' dir='ltr'><strong>et</strong></span> <span class='ocrx_word' id='word_1_109' title='bbox 2642 2213 2936 2293; x_wconf 86' lang='lat' dir='ltr'><strong>posteros</strong></span> 
     </span>
     <span class='ocr_line' id='line_1_21' title="bbox 832 2307 2934 2393; baseline 0 -22"><span class='ocrx_word' id='word_1_110' title='bbox 832 2308 1022 2375; x_wconf 83' lang='lat' dir='ltr'><strong>facile</strong></span> <span class='ocrx_word' id='word_1_111' title='bbox 1053 2308 1380 2393; x_wconf 87' lang='lat' dir='ltr'><strong>impinget</strong></span> <span class='ocrx_word' id='word_1_112' title='bbox 1426 2307 1499 2371; x_wconf 90' lang='lat' dir='ltr'><strong>in</strong></span> <span class='ocrx_word' id='word_1_113' title='bbox 1544 2328 1827 2373; x_wconf 88' lang='lat' dir='ltr'><strong>errorem</strong></span> <span class='ocrx_word' id='word_1_114' title='bbox 1875 2312 1942 2371; x_wconf 87' lang='lat' dir='ltr'><strong>et</strong></span> <span class='ocrx_word' id='word_1_115' title='bbox 1986 2328 2221 2372; x_wconf 90' lang='lat' dir='ltr'><strong>ausum</strong></span> <span class='ocrx_word' id='word_1_116' title='bbox 2267 2307 2512 2374; x_wconf 89' lang='lat' dir='ltr'><strong>similia</strong></span> <span class='ocrx_word' id='word_1_117' title='bbox 2539 2310 2934 2386; x_wconf 85' lang='lat' dir='ltr'><strong>attentandi,</strong></span> 
     </span>
     <span class='ocr_line' id='line_1_22' title="bbox 834 2410 2934 2496; baseline 0 -21"><span class='ocrx_word' id='word_1_118' title='bbox 834 2411 891 2475; x_wconf 84' lang='lat' dir='ltr'><strong>si</strong></span> <span class='ocrx_word' id='word_1_119' title='bbox 967 2410 1173 2496; x_wconf 85' lang='lat' dir='ltr'><strong>pestis</strong></span> <span class='ocrx_word' id='word_1_120' title='bbox 1248 2410 1391 2475; x_wconf 86' lang='lat' dir='ltr'><strong>haec</strong></span> <span class='ocrx_word' id='word_1_121' title='bbox 1485 2410 1822 2495; x_wconf 88' lang='lat' dir='ltr'><strong>impunita</strong></span> <span class='ocrx_word' id='word_1_122' title='bbox 1896 2415 1965 2475; x_wconf 89' lang='lat' dir='ltr'><strong>et</strong></span> <span class='ocrx_word' id='word_1_123' title='bbox 2060 2410 2437 2495; x_wconf 87' lang='lat' dir='ltr'><strong>irrequisita</strong></span> <span class='ocrx_word' id='word_1_124' title='bbox 2529 2411 2934 2476; x_wconf 85' lang='lat' dir='ltr'><strong>remanserit.</strong></span> 
     </span>
     <span class='ocr_line' id='line_1_23' title="bbox 836 2511 2934 2597; baseline -0.001 -20"><span class='ocrx_word' id='word_1_125' title='bbox 836 2512 1110 2588; x_wconf 75' lang='lat' dir='ltr'><strong>Caetera,</strong></span> <span class='ocrx_word' id='word_1_126' title='bbox 1173 2534 1258 2577; x_wconf 92' lang='lat' dir='ltr'><strong>ne</strong></span> <span class='ocrx_word' id='word_1_127' title='bbox 1334 2511 1505 2597; x_wconf 87' lang='lat' dir='ltr'><strong>scrip</strong></span> <span class='ocrx_word' id='word_1_128' title='bbox 1514 2516 1727 2575; x_wconf 87' lang='lat' dir='ltr'><strong>turam</strong></span> <span class='ocrx_word' id='word_1_129' title='bbox 1805 2511 2250 2597; x_wconf 86' lang='lat' dir='ltr'><strong>protrahendo</strong></span> <span class='ocrx_word' id='word_1_130' title='bbox 2331 2512 2518 2576; x_wconf 85' lang='lat' dir='ltr'><strong>vobis</strong></span> <span class='ocrx_word' id='word_1_131' title='bbox 2592 2511 2934 2575; x_wconf 84' lang='lat' dir='ltr'><strong>fastidium</strong></span> 
     </span>
     <span class='ocr_line' id='line_1_24' title="bbox 830 2614 2934 2700; baseline 0 -23"><span class='ocrx_word' id='word_1_132' title='bbox 830 2621 1197 2699; x_wconf 86' lang='lat' dir='ltr'><strong>generetur,</strong></span> <span class='ocrx_word' id='word_1_133' title='bbox 1243 2615 1317 2677; x_wconf 90' lang='lat' dir='ltr'><strong>in</strong></span> <span class='ocrx_word' id='word_1_134' title='bbox 1360 2634 1471 2678; x_wconf 87' lang='lat' dir='ltr'><strong>ore</strong></span> <span class='ocrx_word' id='word_1_135' title='bbox 1530 2634 1896 2698; x_wconf 86' lang='lat' dir='ltr'><strong>pauperum</strong></span> <span class='ocrx_word' id='word_1_136' title='bbox 1944 2614 2214 2691; x_wconf 84' lang='lat' dir='ltr'><strong>Christi,</strong></span> <span class='ocrx_word' id='word_1_137' title='bbox 2260 2614 2377 2698; x_wconf 90' lang='lat' dir='ltr'><strong>qui</strong></span> <span class='ocrx_word' id='word_1_138' title='bbox 2422 2614 2805 2700; x_wconf 84' lang='lat' dir='ltr'><strong>diriguntur</strong></span> <span class='ocrx_word' id='word_1_139' title='bbox 2848 2615 2934 2678; x_wconf 88' lang='lat' dir='ltr'><strong>ad</strong></span> 
     </span>
     <span class='ocr_line' id='line_1_25' title="bbox 832 2716 2934 2803; baseline 0 -23"><span class='ocrx_word' id='word_1_140' title='bbox 832 2739 969 2796; x_wconf 83' lang='lat' dir='ltr'><strong>VOS,</strong></span> <span class='ocrx_word' id='word_1_141' title='bbox 1016 2717 1233 2803; x_wconf 85' lang='lat' dir='ltr'><strong>posita</strong></span> <span class='ocrx_word' id='word_1_142' title='bbox 1278 2720 1471 2795; x_wconf 83' lang='lat' dir='ltr'><strong>sunt3</strong></span> <span class='ocrx_word' id='word_1_143' title='bbox 1546 2736 1727 2801; x_wconf 89' lang='lat' dir='ltr'><strong>quos,</strong></span> <span class='ocrx_word' id='word_1_144' title='bbox 1800 2716 1854 2780; x_wconf 93' lang='lat' dir='ltr'><strong>si</strong></span> <span class='ocrx_word' id='word_1_145' title='bbox 1933 2716 2170 2801; x_wconf 86' lang='lat' dir='ltr'><strong>placet,</strong></span> <span class='ocrx_word' id='word_1_146' title='bbox 2215 2716 2445 2781; x_wconf 87' lang='lat' dir='ltr'><strong>audite</strong></span> <span class='ocrx_word' id='word_1_147' title='bbox 2491 2722 2560 2781; x_wconf 89' lang='lat' dir='ltr'><strong>et</strong></span> <span class='ocrx_word' id='word_1_148' title='bbox 2620 2717 2934 2781; x_wconf 83' lang='lat' dir='ltr'><strong>exaudite</strong></span> 
     </span>
     <span class='ocr_line' id='line_1_26' title="bbox 833 2816 2934 2906; baseline 0 -24"><span class='ocrx_word' id='word_1_149' title='bbox 833 2839 951 2906; x_wconf 90' lang='lat' dir='ltr'><strong>pro</strong></span> <span class='ocrx_word' id='word_1_150' title='bbox 1021 2818 1302 2896; x_wconf 62' lang='lat' dir='ltr'><strong>Christo,</strong></span> <span class='ocrx_word' id='word_1_151' title='bbox 1378 2817 1569 2904; x_wconf 88' lang='lat' dir='ltr'><strong>cujus</strong></span> <span class='ocrx_word' id='word_1_152' title='bbox 1634 2816 1980 2904; x_wconf 81' lang='lat' dir='ltr'><strong>negotium</strong></span> <span class='ocrx_word' id='word_1_153' title='bbox 2057 2822 2569 2904; x_wconf 86' lang='lat' dir='ltr'><strong>prosequuntur,</strong></span> <span class='ocrx_word' id='word_1_154' title='bbox 2646 2823 2714 2883; x_wconf 91' lang='lat' dir='ltr'><strong>et</strong></span> <span class='ocrx_word' id='word_1_155' title='bbox 2781 2819 2934 2883; x_wconf 87' lang='lat' dir='ltr'><strong>date</strong></span> 
     </span>
     <span class='ocr_line' id='line_1_27' title="bbox 833 2917 2933 3006; baseline -0.001 -20"><span class='ocrx_word' id='word_1_156' title='bbox 833 2943 1099 3006; x_wconf 89' lang='lat' dir='ltr'><strong>operam</strong></span> <span class='ocrx_word' id='word_1_157' title='bbox 1146 2927 1214 2986; x_wconf 89' lang='lat' dir='ltr'><strong>et</strong></span> <span class='ocrx_word' id='word_1_158' title='bbox 1265 2921 1684 3006; x_wconf 82' lang='lat' dir='ltr'><strong>diligentiam</strong></span> <span class='ocrx_word' id='word_1_159' title='bbox 1752 2927 1835 2984; x_wconf 91' lang='lat' dir='ltr'><strong>ut</strong></span> <span class='ocrx_word' id='word_1_160' title='bbox 1902 2920 2173 2985; x_wconf 84' lang='lat' dir='ltr'><strong>ecclesia</strong></span> <span class='ocrx_word' id='word_1_161' title='bbox 2195 2917 2220 2957; x_wconf 76' lang='lat'><strong>⁸</strong></span> <span class='ocrx_word' id='word_1_162' title='bbox 2281 2921 2574 2986; x_wconf 87' lang='lat' dir='ltr'><strong>debitam</strong></span> <span class='ocrx_word' id='word_1_163' title='bbox 2623 2921 2933 3006; x_wconf 87' lang='lat' dir='ltr'><strong>consequi</strong></span> 
     </span>
     <span class='ocr_line' id='line_1_28' title="bbox 831 3021 2935 3106; baseline -0.001 -17"><span class='ocrx_word' id='word_1_164' title='bbox 831 3024 1052 3089; x_wconf 83' lang='lat' dir='ltr'><strong>valeat</strong></span> <span class='ocrx_word' id='word_1_165' title='bbox 1114 3023 1507 3088; x_wconf 86' lang='lat' dir='ltr'><strong>libertatem.</strong></span> <span class='ocrx_word' id='word_1_166' title='bbox 1603 3021 1674 3086; x_wconf 85' lang='lat' dir='ltr'><strong>Si</strong></span> <span class='ocrx_word' id='word_1_167' title='bbox 1740 3043 1896 3086; x_wconf 87' lang='lat' dir='ltr'><strong>vero</strong></span> <span class='ocrx_word' id='word_1_168' title='bbox 1973 3022 2410 3106; x_wconf 85' lang='lat' dir='ltr'><strong>praeambulos</strong></span> <span class='ocrx_word' id='word_1_169' title='bbox 2488 3021 2935 3097; x_wconf 85' lang='lat' dir='ltr'><strong>anti-Christi,</strong></span> 
     </span>
     <span class='ocr_line' id='line_1_29' title="bbox 832 3124 2936 3211; baseline -0.003 -19"><span class='ocrx_word' id='word_1_170' title='bbox 832 3127 1347 3192; x_wconf 86' lang='lat' dir='ltr'><strong>Londoniensem</strong></span> <span class='ocrx_word' id='word_1_171' title='bbox 1385 3126 1763 3211; x_wconf 82' lang='lat' dir='ltr'><strong>episcopum</strong></span> <span class='ocrx_word' id='word_1_172' title='bbox 1794 3129 1865 3189; x_wconf 87' lang='lat' dir='ltr'><strong>et</strong></span> <span class='ocrx_word' id='word_1_173' title='bbox 1896 3124 2292 3188; x_wconf 85' lang='lat' dir='ltr'><strong>Gaufridum</strong></span> <span class='ocrx_word' id='word_1_174' title='bbox 2327 3125 2536 3204; x_wconf 86' lang='lat' dir='ltr'><strong>Ridel,</strong></span> <span class='ocrx_word' id='word_1_175' title='bbox 2569 3127 2655 3190; x_wconf 87' lang='lat' dir='ltr'><strong>ad</strong></span> <span class='ocrx_word' id='word_1_176' title='bbox 2685 3126 2936 3190; x_wconf 87' lang='lat' dir='ltr'><strong>curiam</strong></span> 
     </span>
     <span class='ocr_line' id='line_1_30' title="bbox 830 3228 2939 3313; baseline -0.001 -19"><span class='ocrx_word' id='word_1_177' title='bbox 830 3232 1066 3294; x_wconf 84' lang='lat' dir='ltr'><strong>venire</strong></span> <span class='ocrx_word' id='word_1_178' title='bbox 1132 3229 1501 3313; x_wconf 86' lang='lat' dir='ltr'><strong>contigerit,</strong></span> <span class='ocrx_word' id='word_1_179' title='bbox 1563 3228 1657 3293; x_wconf 87' lang='lat' dir='ltr'><strong>sic</strong></span> <span class='ocrx_word' id='word_1_180' title='bbox 1724 3249 1834 3292; x_wconf 86' lang='lat' dir='ltr'><strong>eos</strong></span> <span class='ocrx_word' id='word_1_181' title='bbox 1904 3232 2190 3292; x_wconf 87' lang='lat' dir='ltr'><strong>tractate</strong></span> <span class='ocrx_word' id='word_1_182' title='bbox 2289 3228 2461 3293; x_wconf 87' lang='lat' dir='ltr'><strong>sieut</strong></span> <span class='ocrx_word' id='word_1_183' title='bbox 2533 3228 2939 3294; x_wconf 86' lang='lat' dir='ltr'><strong>Antichristi</strong></span> 
     </span>
     <span class='ocr_line' id='line_1_31' title="bbox 844 3327 2387 3397; baseline -0.001 0"><span class='ocrx_word' id='word_1_184' title='bbox 844 3331 1138 3397; x_wconf 86' lang='lat' dir='ltr'><strong>membra</strong></span> <span class='ocrx_word' id='word_1_185' title='bbox 1182 3331 1453 3396; x_wconf 88' lang='lat' dir='ltr'><strong>tractari</strong></span> <span class='ocrx_word' id='word_1_186' title='bbox 1502 3331 1689 3396; x_wconf 85' lang='lat' dir='ltr'><strong>decet</strong></span> <span class='ocrx_word' id='word_1_187' title='bbox 1732 3349 1774 3394; x_wconf 89' lang='lat' dir='ltr'><strong>a</strong></span> <span class='ocrx_word' id='word_1_188' title='bbox 1821 3327 2068 3394; x_wconf 85' lang='lat' dir='ltr'><strong>christo</strong></span> <span class='ocrx_word' id='word_1_189' title='bbox 2097 3329 2387 3395; x_wconf 86' lang='lat' dir='ltr'><strong>Domini.</strong></span> 
     </span>
    </p>
   </div>
   <div class='ocr_carea' id='block_1_8' title="bbox 1656 3646 2099 3712">
    <p class='ocr_par' dir='ltr' id='par_1_8' title="bbox 1656 3646 2099 3712">
     <span class='ocr_line' id='line_1_32' title="bbox 1656 3646 2099 3712; baseline -0.002 -1"><span class='ocrx_word' id='word_1_190' title='bbox 1656 3646 2099 3712; x_wconf 86' lang='lat' dir='ltr'><strong>DLXXXIX.</strong></span> 
     </span>
    </p>
   </div>
   <div class='ocr_carea' id='block_1_9' title="bbox 831 3773 2937 4050">
    <p class='ocr_par' dir='ltr' id='par_1_9' title="bbox 831 3773 2937 4050">
     <span class='ocr_line' id='line_1_33' title="bbox 831 3773 2937 3844; baseline 0.001 -6"><span class='ocrx_word' id='word_1_191' title='bbox 831 3773 1127 3838; x_wconf 54' lang='lat' dir='ltr'><strong>Tnouas</strong></span> <span class='ocrx_word' id='word_1_192' title='bbox 1150 3773 1718 3842; x_wconf 74' lang='lat' dir='ltr'>CANTUARIENSIS</span> <span class='ocrx_word' id='word_1_193' title='bbox 1740 3791 2331 3844; x_wconf 72' lang='lat' dir='ltr'><strong>ARcmEPIscorus</strong></span> <span class='ocrx_word' id='word_1_194' title='bbox 2361 3776 2628 3843; x_wconf 78' lang='lat' dir='ltr'>JOANNI</span> <span class='ocrx_word' id='word_1_195' title='bbox 2659 3777 2937 3843; x_wconf 79' lang='lat' dir='ltr'><strong>TITULO⁴</strong></span> 
     </span>
     <span class='ocr_line' id='line_1_34' title="bbox 884 3876 2874 3959; baseline 0.001 -17"><span class='ocrx_word' id='word_1_196' title='bbox 884 3876 1186 3943; x_wconf 75' lang='lat' dir='ltr'>SANCTAE</span> <span class='ocrx_word' id='word_1_197' title='bbox 1230 3878 1340 3943; x_wconf 72' lang='lat' dir='ltr'><strong>An</strong></span> <span class='ocrx_word' id='word_1_198' title='bbox 1350 3893 1650 3944; x_wconf 76' lang='lat' dir='ltr'>ASTASIAE</span> <span class='ocrx_word' id='word_1_199' title='bbox 1696 3893 2136 3946; x_wconf 78' lang='lat' dir='ltr'>PRESBYTERO</span> <span class='ocrx_word' id='word_1_200' title='bbox 2181 3895 2583 3959; x_wconf 73' lang='lat' dir='ltr'><strong>cAnnmAm,</strong></span> <span class='ocrx_word' id='word_1_201' title='bbox 2631 3897 2874 3946; x_wconf 80' lang='lat' dir='ltr'><strong>PERSE-</strong></span> 
     </span>
     <span class='ocr_line' id='line_1_35' title="bbox 1634 3997 2088 4050; baseline 0.004 -3"><span class='ocrx_word' id='word_1_202' title='bbox 1634 3997 1892 4048; x_wconf 79' lang='lat' dir='ltr'><strong>curom</strong></span> <span class='ocrx_word' id='word_1_203' title='bbox 1937 3998 2088 4050; x_wconf 79' lang='lat' dir='ltr'><strong>suo,</strong></span> 
     </span>
    </p>
   </div>
   <div class='ocr_carea' id='block_1_10' title="bbox 1076 4119 2708 4186">
    <p class='ocr_par' dir='ltr' id='par_1_10' title="bbox 1076 4119 2708 4186">
     <span class='ocr_line' id='line_1_36' title="bbox 1076 4119 2708 4186; baseline 0.001 -16"><span class='ocrx_word' id='word_1_204' title='bbox 1076 4119 1176 4184; x_wconf 86' lang='grc' dir='ltr'><strong>(Α.</strong></span> <span class='ocrx_word' id='word_1_205' title='bbox 1200 4125 1333 4182; x_wconf 76' lang='lat'><strong>2283</strong></span> <span class='ocrx_word' id='word_1_206' title='bbox 1370 4120 1433 4172; x_wconf 93' lang='grc' dir='ltr'><strong>Ο.</strong></span> <span class='ocrx_word' id='word_1_207' title='bbox 1466 4119 1519 4171; x_wconf 85' lang='grc' dir='ltr'><strong>ἰί.</strong></span> <span class='ocrx_word' id='word_1_208' title='bbox 1543 4124 1640 4172; x_wconf 76' lang='lat'><strong>232</strong></span> <span class='ocrx_word' id='word_1_209' title='bbox 1663 4141 1677 4182; x_wconf 71' lang='grc' dir='ltr'><strong>ς</strong></span> <span class='ocrx_word' id='word_1_210' title='bbox 1712 4119 1767 4172; x_wconf 86' lang='grc' dir='ltr'><strong>Ζ.</strong></span> <span class='ocrx_word' id='word_1_211' title='bbox 1791 4120 1859 4172; x_wconf 86' lang='lat' dir='ltr'><strong>iii.</strong></span> <span class='ocrx_word' id='word_1_212' title='bbox 1877 4126 1942 4171; x_wconf 85' lang='lat'><strong>60</strong></span> <span class='ocrx_word' id='word_1_213' title='bbox 1963 4141 1977 4182; x_wconf 71' lang='grc' dir='ltr'><strong>ς</strong></span> <span class='ocrx_word' id='word_1_214' title='bbox 2011 4121 2142 4186; x_wconf 85' lang='lat' dir='ltr'><strong>Lup.</strong></span> <span class='ocrx_word' id='word_1_215' title='bbox 2164 4119 2234 4172; x_wconf 87' lang='lat' dir='ltr'><strong>iii.</strong></span> <span class='ocrx_word' id='word_1_216' title='bbox 2260 4127 2356 4184; x_wconf 81' lang='grc' dir='ltr'><strong>6ος</strong></span> <span class='ocrx_word' id='word_1_217' title='bbox 2392 4122 2573 4174; x_wconf 85' lang='lat' dir='ltr'><strong>Thom.</strong></span> <span class='ocrx_word' id='word_1_218' title='bbox 2595 4123 2708 4185; x_wconf 76' lang='lat'><strong>57.)</strong></span> 
     </span>
    </p>
   </div>
   <div class='ocr_carea' id='block_1_11' title="bbox 826 4237 2928 4428">
    <p class='ocr_par' dir='ltr' id='par_1_11' title="bbox 826 4237 2928 4428">
     <span class='ocr_line' id='line_1_37' title="bbox 921 4237 2928 4326; baseline 0 -24"><span class='ocrx_word' id='word_1_219' title='bbox 921 4237 1435 4305; x_wconf 83' lang='lat' dir='ltr'><strong>Fraternitatem</strong></span> <span class='ocrx_word' id='word_1_220' title='bbox 1482 4245 1772 4304; x_wconf 85' lang='lat' dir='ltr'><strong>vestram</strong></span> <span class='ocrx_word' id='word_1_221' title='bbox 1819 4239 1891 4304; x_wconf 90' lang='lat' dir='ltr'><strong>in</strong></span> <span class='ocrx_word' id='word_1_222' title='bbox 1923 4239 2192 4307; x_wconf 81' lang='lat' dir='ltr'><strong>Christo</strong></span> <span class='ocrx_word' id='word_1_223' title='bbox 2237 4240 2557 4306; x_wconf 88' lang='lat' dir='ltr'><strong>convenio</strong></span> <span class='ocrx_word' id='word_1_224' title='bbox 2587 4245 2668 4305; x_wconf 90' lang='lat' dir='ltr'><strong>ut</strong></span> <span class='ocrx_word' id='word_1_225' title='bbox 2693 4239 2928 4326; x_wconf 89' lang='lat' dir='ltr'><strong>Angli-</strong></span> 
     </span>
     <span class='ocr_line' id='line_1_38' title="bbox 826 4339 2928 4428; baseline -0.001 -21"><span class='ocrx_word' id='word_1_226' title='bbox 826 4359 1014 4407; x_wconf 85' lang='lat' dir='ltr'><strong>canae</strong></span> <span class='ocrx_word' id='word_1_227' title='bbox 1060 4341 1347 4409; x_wconf 84' lang='lat' dir='ltr'><strong>ecclesiae</strong></span> <span class='ocrx_word' id='word_1_228' title='bbox 1392 4340 1719 4408; x_wconf 79' lang='lat' dir='ltr'><strong>assistatis</strong></span> <span class='ocrx_word' id='word_1_229' title='bbox 1782 4363 1901 4428; x_wconf 90' lang='lat' dir='ltr'><strong>pro</strong></span> <span class='ocrx_word' id='word_1_230' title='bbox 1949 4341 2231 4409; x_wconf 87' lang='lat' dir='ltr'><strong>Christo.</strong></span> <span class='ocrx_word' id='word_1_231' title='bbox 2324 4339 2472 4408; x_wconf 88' lang='lat' dir='ltr'><strong>Hoc</strong></span> <span class='ocrx_word' id='word_1_232' title='bbox 2539 4342 2716 4406; x_wconf 86' lang='lat' dir='ltr'><strong>enim</strong></span> <span class='ocrx_word' id='word_1_233' title='bbox 2761 4340 2928 4405; x_wconf 88' lang='lat' dir='ltr'><strong>mihi</strong></span> 
     </span>
    </p>
   </div>
   <div class='ocr_carea' id='block_1_12' title="bbox 2524 4467 2922 4476">
    <p class='ocr_par' dir='ltr' id='par_1_12' title="bbox 2524 4467 2922 4476">
     <span class='ocr_line' id='line_1_39' title="bbox 2524 4467 2922 4476; baseline 0 1324"><span class='ocrx_word' id='word_1_234' title='bbox 2524 4467 2922 4476; x_wconf 95' lang='lat' dir='ltr'><strong> </strong></span> 
     </span>
    </p>
   </div>
   <div class='ocr_carea' id='block_1_13' title="bbox 2194 4467 2469 4476">
    <p class='ocr_par' dir='ltr' id='par_1_13' title="bbox 2194 4467 2469 4476">
     <span class='ocr_line' id='line_1_40' title="bbox 2194 4467 2469 4476; baseline 0 1324"><span class='ocrx_word' id='word_1_235' title='bbox 2194 4467 2469 4476; x_wconf 95' lang='lat' dir='ltr'><strong> </strong></span> 
     </span>
    </p>
   </div>
   <div class='ocr_carea' id='block_1_14' title="bbox 1193 4469 1395 4476">
    <p class='ocr_par' dir='ltr' id='par_1_14' title="bbox 1193 4469 1395 4476">
     <span class='ocr_line' id='line_1_41' title="bbox 1193 4469 1395 4476; baseline 0 1324"><span class='ocrx_word' id='word_1_236' title='bbox 1193 4469 1395 4476; x_wconf 95' lang='lat' dir='ltr'><strong> </strong></span> 
     </span>
    </p>
   </div>
   <div class='ocr_carea' id='block_1_15' title="bbox 1775 4469 2061 4477">
    <p class='ocr_par' dir='ltr' id='par_1_15' title="bbox 1775 4469 2061 4477">
     <span class='ocr_line' id='line_1_42' title="bbox 1775 4469 2061 4477; baseline 0 1323"><span class='ocrx_word' id='word_1_237' title='bbox 1775 4469 2061 4477; x_wconf 95' lang='lat' dir='ltr'><strong> </strong></span> 
     </span>
    </p>
   </div>
   <div class='ocr_carea' id='block_1_16' title="bbox 832 4471 1182 4481">
    <p class='ocr_par' dir='ltr' id='par_1_16' title="bbox 832 4471 1182 4481">
     <span class='ocr_line' id='line_1_43' title="bbox 832 4471 1182 4481; baseline 0 1319"><span class='ocrx_word' id='word_1_238' title='bbox 832 4471 1182 4481; x_wconf 95' lang='lat' dir='ltr'><strong> </strong></span> 
     </span>
    </p>
   </div>
   <div class='ocr_carea' id='block_1_17' title="bbox 806 4518 2928 4894">
    <p class='ocr_par' dir='ltr' id='par_1_17' title="bbox 894 4518 2686 4583">
     <span class='ocr_line' id='line_1_44' title="bbox 894 4518 2686 4583; baseline -0.001 -13"><span class='ocrx_word' id='word_1_239' title='bbox 894 4519 911 4554; x_wconf 81' lang='lat'><em>¹</em></span> <span class='ocrx_word' id='word_1_240' title='bbox 945 4525 1200 4583; x_wconf 75' lang='lat' dir='ltr'><strong>quatenus,</strong></span> <span class='ocrx_word' id='word_1_241' title='bbox 1222 4520 1315 4572; x_wconf 79' lang='lat' dir='ltr'><strong>ins.</strong></span> <span class='ocrx_word' id='word_1_242' title='bbox 1338 4520 1401 4570; x_wconf 89' lang='lat' dir='ltr'><strong>L.</strong></span> <span class='ocrx_word' id='word_1_243' title='bbox 1998 4520 2019 4552; x_wconf 86' lang='lat'><strong>³</strong></span> <span class='ocrx_word' id='word_1_244' title='bbox 2053 4519 2329 4581; x_wconf 68' lang='lat' dir='ltr'><strong>ecclesiam,</strong></span> <span class='ocrx_word' id='word_1_245' title='bbox 2354 4518 2431 4583; x_wconf 75' lang='lat'><strong>03</strong></span> <span class='ocrx_word' id='word_1_246' title='bbox 2463 4535 2593 4570; x_wconf 86' lang='lat' dir='ltr'><strong>corr.</strong></span> <span class='ocrx_word' id='word_1_247' title='bbox 2617 4519 2686 4569; x_wconf 84' lang='lat' dir='ltr'><strong>A.</strong></span> 
     </span>
    </p>

    <p class='ocr_par' dir='ltr' id='par_1_18' title="bbox 806 4597 2928 4833">
     <span class='ocr_line' id='line_1_45' title="bbox 889 4597 2928 4664; baseline -0.001 -16"><span class='ocrx_word' id='word_1_248' title='bbox 889 4598 913 4631; x_wconf 74' lang='lat'>²</span> <span class='ocrx_word' id='word_1_249' title='bbox 946 4615 1120 4650; x_wconf 80' lang='lat' dir='ltr'><strong>novam</strong></span> <span class='ocrx_word' id='word_1_250' title='bbox 1167 4635 1180 4648; x_wconf 93' lang='lat'><strong>.</strong></span> <span class='ocrx_word' id='word_1_251' title='bbox 1226 4634 1238 4648; x_wconf 89' lang='lat'><strong>.</strong></span> <span class='ocrx_word' id='word_1_252' title='bbox 1288 4637 1301 4648; x_wconf 93' lang='lat'><strong>.</strong></span> <span class='ocrx_word' id='word_1_253' title='bbox 1342 4599 1679 4664; x_wconf 71' lang='lat' dir='ltr'><strong>perniciosam</strong></span> <span class='ocrx_word' id='word_1_254' title='bbox 1713 4636 1725 4648; x_wconf 95' lang='lat'><strong>.</strong></span> <span class='ocrx_word' id='word_1_255' title='bbox 1762 4635 1775 4648; x_wconf 93' lang='lat'><strong>.</strong></span> <span class='ocrx_word' id='word_1_256' title='bbox 1815 4637 1827 4648; x_wconf 95' lang='lat'><strong>.</strong></span> <span class='ocrx_word' id='word_1_257' title='bbox 1997 4601 2018 4630; x_wconf 80' lang='lat'>⁴</span> <span class='ocrx_word' id='word_1_258' title='bbox 2055 4597 2204 4648; x_wconf 77' lang='lat' dir='ltr'><strong>titulo</strong></span> <span class='ocrx_word' id='word_1_259' title='bbox 2240 4636 2253 4649; x_wconf 94' lang='lat'><strong>.</strong></span> <span class='ocrx_word' id='word_1_260' title='bbox 2290 4634 2304 4648; x_wconf 89' lang='lat'><strong>.</strong></span> <span class='ocrx_word' id='word_1_261' title='bbox 2343 4637 2356 4650; x_wconf 89' lang='lat'><strong>.</strong></span> <span class='ocrx_word' id='word_1_262' title='bbox 2389 4615 2494 4661; x_wconf 77' lang='lat' dir='ltr'><strong>suo,</strong></span> <span class='ocrx_word' id='word_1_263' title='bbox 2533 4599 2600 4660; x_wconf 82' lang='lat' dir='ltr'><strong>A,</strong></span> <span class='ocrx_word' id='word_1_264' title='bbox 2637 4599 2722 4658; x_wconf 76' lang='lat'><strong>03</strong></span> <span class='ocrx_word' id='word_1_265' title='bbox 2757 4597 2928 4646; x_wconf 68' lang='lat' dir='ltr'><strong>cardi-</strong></span> 
     </span>
     <span class='ocr_line' id='line_1_46' title="bbox 806 4675 2585 4743; baseline 0.001 -17"><span class='ocrx_word' id='word_1_266' title='bbox 806 4679 1039 4742; x_wconf 78' lang='lat' dir='ltr'><strong>sormam</strong></span> <span class='ocrx_word' id='word_1_267' title='bbox 1073 4713 1088 4727; x_wconf 89' lang='lat'><strong>.</strong></span> <span class='ocrx_word' id='word_1_268' title='bbox 1125 4713 1137 4727; x_wconf 91' lang='lat'><strong>.</strong></span> <span class='ocrx_word' id='word_1_269' title='bbox 1176 4713 1189 4727; x_wconf 89' lang='lat'><strong>.</strong></span> <span class='ocrx_word' id='word_1_270' title='bbox 1228 4677 1449 4737; x_wconf 80' lang='lat' dir='ltr'><strong>inducet,</strong></span> <span class='ocrx_word' id='word_1_271' title='bbox 1472 4677 1544 4738; x_wconf 87' lang='lat' dir='ltr'><strong>A,</strong></span> <span class='ocrx_word' id='word_1_272' title='bbox 1570 4678 1634 4736; x_wconf 89' lang='grc' dir='ltr'><strong>Ο,</strong></span> <span class='ocrx_word' id='word_1_273' title='bbox 1658 4677 1729 4738; x_wconf 88' lang='lat' dir='ltr'><strong>V,</strong></span> <span class='ocrx_word' id='word_1_274' title='bbox 1752 4678 1825 4738; x_wconf 86' lang='lat' dir='ltr'><strong>Z;</strong></span> <span class='ocrx_word' id='word_1_275' title='bbox 1929 4676 2040 4726; x_wconf 77' lang='lat' dir='ltr'><strong>nali</strong></span> <span class='ocrx_word' id='word_1_276' title='bbox 2060 4675 2420 4743; x_wconf 76' lang='lat' dir='ltr'><strong>Neapolitano,</strong></span> <span class='ocrx_word' id='word_1_277' title='bbox 2443 4675 2500 4739; x_wconf 89' lang='lat' dir='ltr'><strong>Z,</strong></span> <span class='ocrx_word' id='word_1_278' title='bbox 2525 4677 2585 4727; x_wconf 88' lang='lat' dir='ltr'><strong>L.</strong></span> 
     </span>
     <span class='ocr_line' id='line_1_47' title="bbox 824 4756 1886 4833; baseline 0 -29"><span class='ocrx_word' id='word_1_279' title='bbox 824 4771 954 4804; x_wconf 73' lang='lat' dir='ltr'><strong>noem</strong></span> <span class='ocrx_word' id='word_1_280' title='bbox 991 4793 1002 4804; x_wconf 86' lang='lat'><strong>.</strong></span> <span class='ocrx_word' id='word_1_281' title='bbox 1040 4791 1052 4804; x_wconf 91' lang='lat'><strong>.</strong></span> <span class='ocrx_word' id='word_1_282' title='bbox 1089 4789 1103 4804; x_wconf 91' lang='lat'><strong>.</strong></span> <span class='ocrx_word' id='word_1_283' title='bbox 1138 4756 1429 4818; x_wconf 78' lang='lat' dir='ltr'><strong>perniciosa</strong></span> <span class='ocrx_word' id='word_1_284' title='bbox 1477 4791 1489 4805; x_wconf 86' lang='lat'><strong>.</strong></span> <span class='ocrx_word' id='word_1_285' title='bbox 1544 4791 1550 4800; x_wconf 84' lang='grc'><strong>.</strong></span> <span class='ocrx_word' id='word_1_286' title='bbox 1600 4793 1612 4804; x_wconf 90' lang='grc'><strong>.</strong></span> <span class='ocrx_word' id='word_1_287' title='bbox 1646 4756 1825 4818; x_wconf 78' lang='lat' dir='ltr'><strong>forma</strong></span> <span class='ocrx_word' id='word_1_288' title='bbox 1881 4789 1886 4833; x_wconf 52' lang='grc' dir='ltr'><strong>ἶ</strong></span> 
     </span>
    </p>

    <p class='ocr_par' dir='ltr' id='par_1_19' title="bbox 880 4832 1339 4894">
     <span class='ocr_line' id='line_1_48' title="bbox 880 4832 1339 4894; baseline 0.002 -12"><span class='ocrx_word' id='word_1_289' title='bbox 880 4872 891 4882; x_wconf 93' lang='grc'><strong>.</strong></span> <span class='ocrx_word' id='word_1_290' title='bbox 927 4869 941 4884; x_wconf 92' lang='grc'><strong>.</strong></span> <span class='ocrx_word' id='word_1_291' title='bbox 976 4832 1253 4894; x_wconf 74' lang='lat' dir='ltr'><strong>inducetur,</strong></span> <span class='ocrx_word' id='word_1_292' title='bbox 1275 4834 1339 4884; x_wconf 88' lang='lat' dir='ltr'><strong>L.</strong></span> 
     </span>
    </p>
   </div>
  </div>
 </body>
</html>
