3634 5800
580 1040 844 1092 Gratitude

577 1109 680 1158 and
701 1109 877 1158 suffer-

576 1173 689 1290 ἓιξε
711 1173 875 1288 nithe

660 1254 745 1289 ure
786 1277 799 1290 .

565 4201 761 4251 Return
783 4200 842 4251 of

564 4268 791 4329 Henry’s

561 4330 709 4382 other

548 4440 553 4445 .
563 4412 771 4463 envoys.

916 824 1045 888 290
1781 837 2148 886 nmsronffi.
2641 826 2800 909 [Am.
2835 829 3027 897 1170.

913 1047 1079 1092 cana
1153 1027 1225 1090 in
1294 1025 1561 1092 Christo
1636 1027 1918 1114 spirabit
1991 1026 2264 1092 ecelesia
2339 1027 2576 1092 merito
2639 1028 2882 1093 recolet
2955 1050 3024 1094 se

914 1128 1103 1193 vobis
1146 1149 1284 1194 esse
1331 1129 1700 1194 obnoxiam.
1794 1128 1994 1194 Scitis
2057 1150 2256 1213 quam
2324 1129 2791 1195 miserabiliter
2854 1131 3024 1198 lace-

914 1235 1061 1295 rata
1092 1235 1162 1295 et
1206 1229 1583 1296 eonculoata
1626 1231 1717 1295 sit
1760 1229 2120 1308 haetenus;
2165 1251 2366 1315 quam
2411 1230 2616 1296 variis
2662 1231 3022 1297 delusioni-

914 1333 1038 1398 bus
1070 1337 1139 1396 et
1182 1331 1489 1417 quotiens
1534 1331 1743 1418 ipsius
1786 1331 1878 1396 sit
1905 1331 2226 1417 impedita
2262 1331 2570 1416 justitia;
2615 1353 2816 1417 quam
2847 1354 3022 1419 saepe

914 1433 1150 1500 solatia
1212 1433 1451 1510 debita,
1521 1455 1671 1520 quae
1737 1433 1868 1498 sibi
1935 1433 2178 1499 collata
2241 1433 2647 1500 videbantur
2708 1435 2796 1500 ab
2863 1456 3022 1521 apo-

912 1535 1145 1601 stolica
1202 1535 1370 1613 sede,
1418 1534 1635 1600 missis
1702 1556 1739 1600 e
1802 1534 2067 1620 regione
2135 1534 2379 1598 litteris
2445 1540 2566 1600 aut
2625 1535 2885 1600 nuntiis
2953 1541 3023 1602 et

914 1636 1192 1703 indultis
1266 1636 1561 1702 adversae
1637 1636 1814 1723 parti
1897 1636 2348 1712 dilationibus
2425 1636 2768 1702 subtracta
2841 1638 3022 1718 sint;

914 1739 1241 1825 quomodo
1286 1739 1555 1823 quidam
1601 1739 1684 1803 de
1728 1737 2015 1803 dominis
2059 1737 2506 1804 cardinalibus
2549 1742 2620 1803 et
2679 1738 2759 1802 de
2805 1739 3020 1804 euria-

916 1839 1091 1904 libus
1108 1837 1133 1877 ¹
1204 1839 1433 1905 amieis
1493 1838 1753 1920 affliotae
1798 1839 2187 1904 vulneribus
2239 1838 2521 1903 vulnera
2583 1837 3022 1916 inflixerunt?

914 1945 995 2006 ut
1027 1941 1171 2026 jam
1214 1961 1351 2005 non
1395 1941 1483 2004 sit
1532 1939 1718 2004 dolor
1773 1939 1949 2005 sieut
2010 1939 2196 2004 dolor
2263 1940 2420 2024 ejus,
2515 1939 2834 2004 Poterant
2878 1939 3019 2005 haec

910 2041 997 2106 ab
1022 2041 1237 2106 'initio
1296 2041 1435 2126 regi
1482 2041 1848 2127 Anglorum
1917 2040 2235 2125 imputari
2279 2045 2349 2105 et
2391 2039 2818 2125 complicibus
2863 2040 3022 2118 suis,

912 2143 1027 2228 qui
1073 2143 1307 2207 horum
1360 2143 1672 2219 omnium,
1719 2143 1791 2206 in
1857 2143 2171 2227 injuriam
2217 2141 2365 2220 Dei,
2413 2163 2612 2208 causa
2657 2146 2728 2206 et
2771 2141 3017 2206 artifex

912 2248 1049 2321 est3
1122 2245 1229 2310 cui
1305 2244 1378 2321 si,
1447 2248 1803 2329 antequam
1879 2243 2064 2308 curia
2130 2243 2560 2328 justificasset
2633 2242 2824 2307 illum
2882 2243 3020 2328 ‚qui

909 2345 1281 2410 schismatis
1350 2344 1730 2410 conciliator
1748 2343 1774 2382 ³
1833 2337 2069 2422 fuerat,
2115 2344 2435 2410 vellemus
2497 2344 2726 2410 ablata
2793 2345 3020 2409 remit-

911 2451 1071 2524 tere,
1133 2451 1218 2524 et,
1283 2447 1355 2511 in
1429 2446 1761 2512 laesionem
1829 2445 2115 2511 eeclesiae
2182 2445 2620 2532 perniciosum
2696 2447 3017 2533 composi-

910 2549 1111 2614 tionis
1157 2549 1313 2614 dare
1367 2549 1760 2634 exemplum,
1807 2569 2054 2634 paoem,
2097 2547 2541 2613 mediantibus
2587 2549 2815 2614 amicis
2881 2570 3017 2614 (εοε-

908 2655 1114 2720 sante,
1172 2673 1370 2737 opera
1432 2651 1604 2716 sedis
1670 2650 2065 2736 apostolicae,
2129 2671 2390 2715 eramus
2453 2649 2767 2716 habituri.
2883 2650 3012 2715 Sed

908 2754 1084 2819 absit
1149 2760 1229 2818 ut
1297 2775 1418 2840 pro
1480 2753 1621 2818 Deo
1697 2759 1918 2840 coepta
1976 2752 2072 2818 sic
2145 2757 2374 2818 contra
2448 2752 2664 2817 Deum
2705 2771 2719 2777 ·
2740 2753 3017 2818 finiatur

910 2875 1141 2935 oausa3
1184 2859 1264 2920 ut
1310 2875 1428 2941 pro
1476 2875 1887 2941 quocumque
1949 2853 2394 2918 emolumento
2441 2851 2694 2918 Christi
2739 2853 3015 2919 titulum

908 2956 1353 3021 distrahamus
1430 2961 1499 3021 et
1562 2956 1851 3021 ecelesiae
1915 2954 2313 3019 libertatem.
2473 2954 2687 3019 Testis
2751 2966 2854 3021 est
2915 2956 3016 3019 in-

906 3064 1165 3143 spector
1209 3057 1525 3134 cordium,
1570 3056 1747 3142 quod
1817 3056 2126 3121 dominus
2195 3061 2264 3120 et
2331 3060 2520 3141 pater
2581 3061 2805 3120 noster
2846 3058 3015 3121 mori

905 3158 1151 3235 mallet,
1218 3164 1283 3221 et
1349 3179 1468 3222 nos
1533 3158 1595 3221 ei
1669 3155 2074 3241 consepeliri,
2141 3156 2454 3233 tantum,⁴
2515 3157 2868 3221 morientes
2943 3159 3014 3221 in

905 3258 1205 3323 Domino.
1297 3260 1361 3322 A
1406 3257 1639 3323 diebus
1698 3262 1922 3321 autem
1970 3257 2016 3321 J
2017 3257 2250 3321 oannis
2295 3258 2376 3322 de
2439 3256 2829 3330 oxeneford,
2877 3280 3012 3323 non

901 3359 1095 3423 modo
1140 3382 1181 3423 a
1224 3358 1501 3444 praefato
1547 3380 1697 3444 rege
1762 3358 1879 3423 sed
1949 3364 2018 3422 et
2061 3358 2147 3422 ab
2193 3358 2462 3423 eeclesia
2507 3358 2806 3423 Romana
2873 3360 3012 3423 vim

900 3462 1208 3545 patimur,
1258 3482 1406 3545 quae
1474 3481 1681 3545 usque
1749 3461 1822 3523 in
1891 3458 2090 3523 finem
2157 3460 2334 3524 sexti
2401 3460 2579 3534 anni,
2623 3459 2801 3525 datis
2846 3461 3009 3525 dila-

902 3562 1214 3638 tionibu8‚
1260 3562 1594 3647 protraxit
1656 3562 1968 3625 exsilium
2018 3564 2364 3639 nostrum;
2430 3566 2500 3625 et
2567 3567 3010 3646 persecutores

902 3662 1207 3738 eoelesiae,
1254 3661 1369 3746 qui
1418 3662 1643 3746 spoliis
1704 3662 1952 3727 nostris
2005 3662 2298 3747 corrupti
2346 3667 2505 3726 'sunt
2549 3668 2618 3727 et
2662 3662 2826 3728 alios
2871 3684 3009 3727 cor-

903 3769 1240 3849 rumpunt,
1272 3784 1419 3827 eum
1452 3763 1792 3848 triumpho
1823 3763 2181 3827 remittunt
2211 3768 2279 3827 et
2307 3762 2531 3848 gloria.
2627 3763 2738 3827 Illi
2785 3769 3008 3829 autem

902 3866 1252 3930 redeuntes
1298 3885 1539 3949 regem,
1586 3865 1774 3948 quasi
1840 3885 1958 3949 per
2019 3886 2086 3929 se
2132 3883 2268 3927 non
2313 3864 2476 3927 satis
2523 3864 2862 3940 insaniret,
2907 3866 3008 3929 in-

902 3967 1172 4051 stigant,
1236 3969 1307 4029 et
1381 3963 1531 4029 illos
1607 3965 1725 4050 qui
1799 3964 2089 4029 eeclesiae
2166 3963 2594 4029 decreverant
2659 3965 3009 4044 adhaerere,

901 4066 1101 4131 minis
1146 4070 1216 4130 et
1260 4064 1619 4131 terroribus
1665 4071 1733 4129 et·
1778 4064 2134 4151 exquisitis
2196 4064 2384 4141 dolis,
2430 4065 2712 4129 transire
2757 4066 3012 4131 faciunt

898 4168 971 4233 in
1018 4167 1361 4233 adversam
1408 4166 1704 4251 figuram.
1814 4166 2092 4251 Experti
2161 4187 2388 4230 sumus
2455 4166 2580 4231 hoe
2623 4172 2770 4231 tum
2817 4188 3009 4253 saepe,

899 4275 1046 4337 tum
1090 4268 1377 4335 maxime
1424 4266 1635 4343 mode,
1683 4268 1950 4352 quando
1993 4267 2335 4332 novissimi
2379 4267 2602 4331 nuntii
2647 4268 3004 4345 redierunt,

965 4484 983 4518 ¹
1020 4484 1083 4534 de
1104 4480 1401 4540 curialibus,
1426 4483 1489 4541 Ο,
1516 4482 1593 4539 Ας
1629 4478 1899 4530 decuriali-
2070 4480 2092 4511 ³
2125 4478 2204 4528 vel
2226 4477 2539 4540 consiliator,
2569 4479 2626 4541 Z,
2647 4480 2817 4531 interl.

894 4563 1005 4625 bus,
1028 4563 1089 4613 L.
2069 4558 2088 4591 ⁴
2123 4566 2300 4617 tamen,
2323 4557 2386 4607 Ο.

962 4642 985 4675 2
1020 4640 1328 4704 inflixerunt,
1364 4637 1427 4697 0,
1462 4638 1538 4697 23
1572 4636 1900 4700 inmutet-unt,
