3634 5800
570 2425 791 2487 Enjoins

570 2491 654 2540 the
676 2492 813 2540 hish-

568 2573 663 2622 ops
684 2567 739 2606 to

908 887 988 948 16
1782 897 2140 945 nptsronAE.
2609 885 2766 967 [Am.
2805 883 2992 948 1169.

904 1086 973 1148 in
1048 1085 1232 1150 brevi
1312 1089 1461 1163 (nec
1536 1085 1609 1150 in
1686 1083 1916 1169 longos
2003 1081 2325 1168 propheto
2346 1083 2365 1121 ¹
2443 1084 2630 1164 dies),
2708 1085 2996 1149 Domino

902 1188 1200 1264 faciente,
1268 1207 1598 1252 sermones
1644 1187 1803 1252 vani
1873 1187 1944 1249 in
2007 1191 2300 1271 tempore
2361 1186 2766 1252 visitationis
2827 1188 2998 1273 peri-

903 1290 1089 1355 bunt.
1183 1289 1355 1354 Cum
1398 1289 1577 1352 enim
1612 1289 1758 1374 jam
1774 1285 1801 1326 ²
1845 1287 2260 1373 particularis
2293 1289 2602 1374 quaedsm
2619 1286 2646 1327 ³
2689 1289 2996 1355 discessio

906 1392 1177 1470 venerit,
1224 1397 1293 1457 et
1338 1391 1669 1456 revelatus
1734 1391 1942 1455 fuerit
1999 1390 2198 1455 homo
2244 1391 2514 1476 peccati,
2559 1391 2738 1456 filius
2781 1391 2998 1477 perdi-

904 1495 1125 1573 tionis,
1170 1494 1253 1558 de
1320 1493 1643 1558 instantia
1706 1493 2036 1557 Dominici
2105 1493 2240 1556 diei
2301 1493 2488 1557 nulla
2547 1494 2828 1578 quaestio
2881 1499 2998 1558 est.

906 1595 1039 1661 Vos
1083 1601 1309 1661 autem
1354 1599 1544 1672 stete,
1592 1600 1661 1658 et
1722 1593 2186 1658 confortamini
2255 1594 2326 1658 in
2373 1593 2681 1671 Domino,
2727 1616 2812 1659 ne
2857 1595 2999 1660 dies

906 1697 1013 1762 ille
1060 1703 1377 1782 tanquam
1423 1696 1533 1759 fur
1576 1717 1695 1760 voe
1738 1695 2268 1780 comprehendat.
2361 1695 2526 1762 Ecce
2567 1687 2764 1760 'enim
2815 1696 3000 1761 dedit

904 1821 1023 1866 vos
1066 1799 1249 1866 Deus
1294 1799 1491 1864 hodie
1522 1799 1595 1862 in
1624 1791 1971 1863 civitatem
2003 1799 2334 1864 munitam
2379 1803 2448 1862 ct
2479 1799 2546 1862 in
2565 1799 2592 1836 ⁴
2623 1799 2996 1864 columnam

903 1904 1195 1979 ferream,
1240 1907 1312 1966 et
1372 1901 1443 1964 in
1506 1921 1771 1965 murum
1837 1921 2094 1966 aeneum
2161 1921 2359 1986 super
2426 1921 2688 1966 omnem
2735 1907 2999 1976 terram,

904 2007 1041 2093 regi
1105 2011 1315 2082 terrae,
1364 2011 1435 2068 et
1496 2003 1906 2090 principibus
1973 2002 2132 2088 ejuS,
2179 2009 2247 2068 et
2309 2003 2552 2090 populo
2623 2009 2834 2069 terrae.
2926 2003 3000 2068 Si

908 2107 1300 2173 bellaverint
1358 2106 1675 2170 adversus
1728 2127 1864 2182 vos,
1909 2126 2044 2170 non
2109 2106 2586 2190 praevalebunt,
2634 2105 2796 2192 quia
2861 2103 3002 2169 Do-

904 2210 1123 2274 minus
1168 2210 1295 2273 erit
1344 2208 1695 2272 vobiscum.
1796 2206 1996 2272 Unde
2041 2227 2180 2286 noe,
2224 2206 2306 2271 de
2353 2207 2732 2272 obedientia
2779 2213 3002 2270 voetra

905 2333 1037 2376 non
1104 2311 1451 2376 minimum
1518 2308 1938 2384 confidente-«2,
1991 2309 2270 2374 firmiter
2313 2309 2502 2372 vobis
2572 2309 2998 2395 injungimuS,

904 2420 973 2479 et
1018 2413 1089 2477 in
1120 2413 1372 2476 virtute
1402 2411 1797 2476 obedientiae
1842 2411 2156 2496 praecepti
2199 2411 2410 2475 nostri
2454 2412 2852 2476 auctoritate
2897 2411 2999 2474 in-

900 2513 1223 2591 hibemus,
1252 2534 1336 2578 ne
1381 2515 1452 2577 in
1498 2533 1705 2578 novas
1748 2511 2184 2598 obligationes
2219 2513 2605 2598 juramenti,
2635 2535 2752 2578 seu
2797 2513 3000 2578 etiam

570 2623 693 2672 bind
719 2624 879 2673 them-
902 2616 1399 2704 pollicitationis
1466 2637 1507 2679 a
1570 2613 1758 2678 vobis
1780 2613 1806 2650 ⁵
1873 2619 2142 2692 exactae,
2211 2615 2568 2680 declinetis.
2685 2616 3002 2701 Alioquin

572 2689 734 2739 selves
758 2689 825 2754 by

570 2771 639 2804 no
660 2754 799 2804 fresh

572 2825 739 2876 onths.

906 2740 1041 2796 vos,
1100 2717 1307 2802 (quod
1358 2717 1539 2780 Deus
1612 2720 1876 2780 avertat
1897 2719 1940 2794 1)
2015 2716 2086 2779 in
2104 2713 2132 2752 ⁶
2205 2715 2672 2782 inobedientiae
2747 2723 2998 2782 reatum

906 2820 1239 2908 prolapsos
1306 2817 1591 2883 adducet
1650 2817 1978 2882 Dominus
2045 2839 2195 2882 cum
2257 2819 2684 2903 operantibus
2759 2819 3003 2905 iniqui-

908 2928 1129 2989 tatem.
1238 2922 1341 2987 De
1386 2928 1637 2997 caetero,
1684 2920 1938 2997 fratres,
1985 2926 2168 2984 orate
2213 2926 2292 2985 ut
2337 2921 2710 2985 rumoribus
2754 2922 3002 2987 falsilo-

906 3047 1183 3113 quorum
1252 3024 1596 3111 Oppi-essm,
1664 3027 1733 3087 et
1808 3019 2198 3106 multiplicis
2275 3022 2746 3088 fraudulentiae
2813 3021 3000 3099 dolis,

906 3130 1151 3194 veritas
1225 3127 1353 3191 Dei
1428 3130 1665 3201 currat,
1731 3130 1799 3189 et
1875 3123 2274 3189 clarificetur
2347 3146 2464 3209 per
2527 3146 2664 3203 nos,
2735 3132 2816 3190 ut
2833 3124 2856 3165 ⁷
2933 3132 3002 3190 et

906 3231 1259 3295 liberemur
1332 3228 1419 3293 ab
1492 3227 1892 3312 importunis
1965 3230 2036 3289 et
2127 3225 2320 3289 malis
2408 3226 2804 3305 hominibus,
2883 3228 2998 3313 qui

898 3333 1155 3417 jamdiu
1228 3332 1577 3395 veritatem
1642 3329 1769 3393 Dei
1837 3329 1908 3392 in
1985 3328 2402 3393 mendacium
2426 3327 2452 3366 ⁸
2527 3329 3003 3395 detinuomnt.⁹

910 3434 999 3499 Et
1043 3434 1225 3500 Deus
1270 3431 1614 3519 patientiae
1664 3437 1748 3495 -et
1813 3430 2036 3495 solatii
2099 3430 2216 3495 det
2262 3430 2450 3495 vobis
2515 3430 2584 3495 id
2642 3452 2868 3516 sapere
2931 3432 3004 3495 in

908 3537 1318 3611 alterutrum,
1350 3532 1712 3599 secundum
1741 3531 1786 3596 J
1788 3552 1971 3595 esum
2021 3531 2380 3611 Christum,
2414 3537 2493 3596 ut
2537 3552 2738 3597 onera
2781 3536 3005 3597 nostra

904 3638 1191 3703 invicem
1252 3642 1607 3723 portantes,
1654 3634 1996 3699 unanimes
2041 3638 2110 3699 et
2156 3654 2290 3697 uno
2335 3654 2445 3698 ore
2505 3634 3007 3699 honorificemus

912 3740 1173 3805 Patrem
1218 3738 1490 3803 Domini
1534 3736 1745 3800 nostri
1791 3734 1838 3798 J
1839 3756 1953 3799 esu
2017 3733 2286 3813 Christi,
2333 3740 2403 3799 et
2469 3756 2776 3821 sponsam
2845 3736 3006 3821 ejus„

910 3848 1190 3907 matrem
1235 3842 1545 3914 nostram,
1590 3840 1888 3903 sanctam
1933 3842 2002 3901 et
2045 3836 2472 3921 apostolicam
2516 3836 2869 3903 ecclesiam.

1807 3974 2189 3982 .--——-—-—-—--

2869 3976 2965 3986 n—

978 4045 992 4076 ¹
1024 4040 1293 4108 prophete,
1316 4040 1387 4096 Ρ;
1420 4038 1661 4104 profecto,
1685 4038 1750 4085 al.
1965 4061 1968 4110 Ι
2009 4036 2188 4095 duciis,
2211 4038 2284 4095 P3
2319 4037 2589 4098 mendacio,
2607 4038 2672 4088 L.
2741 4041 2847 4089 But
2869 4042 3012 4093 these

974 4124 995 4157 ²
1014 4124 1149 4187 jam,
1170 4135 1271 4169 om.
1295 4119 1357 4169 L.
1965 4169 1970 4192 ι
2007 4114 2252 4165 ablatives
2301 4130 2438 4165 seem
2483 4122 2538 4167 to
2584 4118 2647 4167 be
2682 4126 2920 4183 attempts
2955 4133 3012 4173 at

975 4202 997 4235 ³
1032 4196 1268 4265 quedam,
1292 4200 1336 4247 P
1355 4219 1368 4258 ;
1404 4210 1506 4247 om.
1528 4197 1593 4245 al.
1965 4207 1970 4276 Ι
2007 4193 2280 4259 amending
2302 4210 2334 4243 a
2355 4210 2568 4261 passage
2589 4196 2756 4247 which
2785 4198 2828 4249 is
2851 4201 3012 4267 really

978 4282 998 4314 ⁴
1032 4282 1085 4329 in
1133 4278 1351 4343 (Jerem.
1398 4276 1431 4327 ἰ.
1484 4277 1592 4336 18),
1628 4274 1698 4337 A,
1735 4272 1797 4336 P,
1841 4272 1910 4333 23
1965 4287 1970 4296 ·
2009 4274 2154 4322 mede
2197 4286 2267 4336 up
2311 4270 2369 4323 of
2421 4280 2522 4325 two
2573 4278 2944 4331 constructione
2973 4310 3010 4319 -

912 4376 1013 4412 om,
1038 4358 1104 4410 ιι,
1965 4309 1974 4410 i
2009 4354 2042 4379 “
2077 4350 2176 4413 Qui
2221 4352 2485 4404 veritatem
2531 4356 2629 4405 Dei
2664 4356 2715 4405 in
2761 4356 3012 4421 injustitia

975 4440 996 4472 ⁶
1028 4436 1187 4495 nobis,
1210 4435 1279 4487 L.
1819 4462 1824 4467 ·
1965 4417 1972 4506 1
2011 4433 2042 4457 “
2076 4429 2304 4481 detinent
2319 4432 2350 4457 ’'
2400 4434 2576 4496 (Rom.
2631 4434 2664 4484 i.
2731 4438 2852 4499 18);
2910 4441 3012 4488 and

976 4519 999 4551 ὅ
1030 4518 1100 4577 in,
1123 4531 1220 4566 om.
1246 4516 1315 4565 A.
1967 4511 1972 4583 Ι
2011 4514 2042 4537 “
2077 4508 2164 4573 qui
2237 4520 2676 4563 commutaverunt
2745 4516 3008 4568 veritatem

976 4596 998 4635 ¹.-
1032 4602 1106 4655 ιιι,
1126 4595 1199 4655 P;
1234 4606 1337 4644 om.
1360 4592 1425 4642 al.
1967 4601 1971 4646 !
2011 4590 2043 4615 “
2077 4584 2176 4638 Dei
2201 4588 2255 4637 in
2279 4588 2598 4640 mendacium
2617 4594 2648 4616 '’
2677 4592 2777 4657 (ib.
2802 4596 2916 4653 25).

976 4677 999 4709 ⁸
1034 4672 1351 4733 mendacium,
1384 4671 1456 4731 A,
1490 4670 1555 4728 O,
1581 4664 1644 4730 V,
1680 4666 1752 4728 23
1784 4683 1912 4717 men-
1965 4657 1971 4727 ξ
2076 4667 2097 4699 ⁹
2134 4668 2481 4730 dem-imment,
2507 4672 2575 4721 V.
