3634 5800
596 895 727 951 Aa).
762 881 983 968 1173.]
1478 899 1836 948 EPISTOLAE.
2587 890 2718 951 549

1379 1303 1932 1372 DGOLXXXVI.

600 1483 1041 1548 ALEXANDER
1102 1497 1279 1547 PAPA
1324 1483 1705 1546 AVERSANO
1766 1497 2093 1562 nmscopo
2141 1499 2233 1547 DE
2257 1483 2277 1522 1
2323 1497 2706 1549 cmomzA-

1224 1599 1433 1648 ΤΙΟΝΕ
1477 1598 1723 1648 SANOTI
1769 1583 2098 1649 'snorum

1043 1759 1132 1824 (Ο.
1156 1759 1206 1808 ii.
1232 1763 1359 1818 8223
1396 1759 1463 1809 A.
1490 1763 1581 1808 361
1604 1781 1617 1818 ;
1654 1760 1711 1809 Z.
1734 1775 1784 1808 v.
1809 1764 1905 1819 993
1941 1760 2070 1824 Lup.
2095 1777 2143 1810 v.
2170 1765 2278 1822 94.)

686 1917 817 1997 Qui
848 1917 991 1990 ‚vice
1024 1915 1203 1982 beati
1244 1915 1425 1980 Petri
1470 1915 1915 2002 apostolorum
1961 1917 2275 2002 principis
2321 1939 2700 2005 supremum

595 2021 665 2083 in
711 2016 1025 2084 ecclesia²
1069 2017 1213 2095 Dei,
1260 2015 1463 2082 licet³
1510 2017 1846 2095 immeriti,
1895 2018 2111 2084 locum
2173 2020 2569 2099 obtinemus,
2599 2046 2702 2088 ,ex

590 2121 891 2207 injuncto
936 2119 1127 2186 nobis
1174 2118 1583 2204 apostolatus
1632 2118 1862 2196 officio,
1916 2120 2465 2206 gloriosissimum
2525 2145 2700 2190 mara

594 2231 811 2308 tyrem
873 2222 1214 2299 Thomam,
1261 2221 1593 2307 quondam
1657 2219 2207 2288 cantuariensem
2267 2225 2696 2312 archiepisco-

591 2347 771 2411 pum,
814 2325 931 2410 qui
976 2345 1096 2410 pro
1132 2324 1405 2410 justitia
1450 2322 1578 2388 Dei
1626 2328 1694 2388 et
1736 2324 2030 2390 ecclesiae
2076 2325 2445 2392 decertavit
2489 2349 2699 2414 usque

592 2427 677 2493 ad
734 2431 1033 2506 mortem,
1080 2431 1147 2492 et
1209 2426 1422 2490 veluti
1484 2447 1683 2511 supra
1726 2425 1984 2492 firmam
2046 2433 2302 2512 petram
2363 2429 2702 2510 fundatuS,

594 2547 635 2592 a
697 2525 916 2589 verbis
992 2524 1346 2610 impiorum
1422 2544 1557 2588 non
1620 2523 1868 2602 timuit,
1933 2529 2125 2590 tanto
2189 2527 2550 2593 studiosius
2626 2531 2700 2594 in

594 2629 783 2694 terris
830 2628 1131 2693 venerari
1177 2628 1511 2704 debemus»,
1559 2632 1813 2712 quanto
1861 2628 2124 2706 certine,
2171 2629 2427 2695 meritis
2491 2632 2702 2719 ipsius

592 2729 1029 2815 exigentibus»,
1063 2749 1213 2793 eum
1244 2731 1505 2794 constat
1544 2727 1721 2792 inter
1752 2727 2234 2793 exsultantium
2253 2729 2280 2766 ⁴
2324 2737 2701 2798 sanctorum

593 2833 824 2899 choros
884 2836 1133 2897 aeterna
1192 2829 1510 2896 felicitate
1570 2831 1802 2896 laetari.
1927 2830 2198 2896 Audisti
2244 2833 2584 2921 siquidem,
2632 2842 2702 2903 et

592 2934 886 3001 maxima
945 2955 1097 3020 pars
1144 2932 1339 3010 orbiS,
1386 2931 1621 2997 divina
1677 2932 1900 3018 gratia
1943 2933 2301 3013 revelante,
2347 2939 2696 3023 cognoscit,

593 3037 879 3123 qualiter
897 3036 923 3074 ⁵
966 3036 1385 3120 omnipotens
1430 3033 1773 3112 Dominus,
1812 3035 1930 3121 qui
1975 3036 2300 3102 mirabilis
2346 3044 2414 3103 et
2457 3040 2696 3125 glorio-

587 3162 698 3205 sus
752 3145 854 3204 est
914 3139 986 3203 in
1054 3138 1301 3203 sanctis
1345 3135 1497 3214 suis»,
1546 3134 1741 3215 eum‚⁰
1792 3139 2096 3223 potentia
2140 3140 2413 3206 virtutis
2457 3164 2612 3220 suae,
2657 3166 2700 3209 a

592 3242 698 3307 dic
741 3262 871 3327 qua
915 3262 1031 3326 per
1073 3240 1384 3325 martyrii
1429 3239 1719 3325 palmam
1764 3240 1960 3305 coelos
1997 3241 2196 3327 (sicut
2241 3243 2699 3311 indubitanter

589 3343 939 3426 credimus)
1010 3343 1224 3407 victor
1290 3342 1617 3421 introivit,
1666 3342 2016 3427 magnifice
2075 3344 2150 3407 in
2196 3345 2389 3409 terris
2446 3346 2694 3431 glorifi-

588 3446 787 3524 cavit,
816 3450 885 3510 et
926 3444 1048 3510 sub
1082 3444 1347 3509 nomine
1392 3443 1601 3529 ipsius
1646 3442 1862 3509 multa
1891 3445 2187 3529 quotidie
2233 3447 2696 3513 miraculorum

594 3550 783 3635 signa
828 3568 964 3612 non
1008 3552 1218 3612 cessat
1263 3546 1536 3631 operari.
1648 3544 1847 3611 Unde
1911 3548 2009 3631 [et
2027 3545 2080 3632 ⁷]
2141 3569 2278 3626 nOS‚
2333 3548 2695 3618 deliberato

592 3649 865 3718 consilio
927 3670 1079 3716 cum
1144 3648 1463 3713 fratribus
1524 3649 1784 3725 nostris,
1831 3654 1983 3734 post
2041 3650 2322 3716 multam
2383 3652 2692 3721 sollicita-

590 3754 841 3819 tionem
872 3751 1507 3837 archiepiscoporum
1554 3756 1622 3815 et
1641 3747 1667 3787 ⁸
1712 3750 2181 3837 episcoporum,
2213 3758 2282 3818 et
2326 3757 2693 3839 praesertim

594 3854 1100 3921 commonitione
1170 3852 1561 3917 dilectorum
1626 3851 1911 3917 filiorum
1984 3859 2377 3932 nostrorum,
2430 3856 2692 3924 Alberti

596 3957 781 4023 tituli
844 3956 1057 4022 sancti
1122 3954 1467 4019 Laurentii
1530 3952 1603 4017 in
1668 3954 1936 4033 Lucina,
1989 3960 2057 4019 et
2119 3954 2442 4022 Theodini
2507 3959 2690 4025 tituli

935 4136 1108 4141 ———
1133 4134 1206 4141 -ο-

657 4232 673 4265 ι
710 4230 773 4281 dg
807 4270 822 4281 ,
858 4266 871 4279 .
909 4267 921 4279 .
963 4228 1179 4288 Thomoe,
1206 4229 1285 4287 03
1319 4242 1421 4278 om.
1444 4228 1515 4292 A,
1530 4228 1589 4279 L.
1745 4229 1765 4259 ⁶
1801 4230 2023 4294 qualiter
2057 4267 2070 4280 .
2106 4269 2119 4281 .
2158 4269 2170 4282 .
2205 4233 2476 4297 Dominus,
2512 4237 2578 4299 O,
2610 4240 2682 4299 Z;

654 4311 676 4343 ²
712 4308 981 4369 ecclesiam,
1007 4308 1067 4359 O.
1677 4324 1777 4358 om.
1800 4310 1864 4358 L.

654 4390 677 4423 ³
711 4390 848 4452 licet,
872 4404 971 4439 om.
997 4387 1060 4439 Ο.
1745 4386 1767 4418 ⁶
1800 4403 1925 4447 eum,
1947 4388 2016 4449 A,
2041 4389 2113 4449 Z;
2151 4405 2274 4451 cum,
2296 4391 2357 4441 L.

657 4470 679 4501 4
712 4467 1087 4526 exsultantium,
1106 4466 1175 4525 A,
1192 4466 1257 4526 O,
1275 4465 1347 4527 Z3
1385 4464 1591 4515 exulan-
1746 4464 1768 4501 7
1801 4469 1865 4527 et,
1890 4466 1934 4515 L
1953 4487 1968 4525 ;
2003 4482 2104 4517 om.
2136 4468 2200 4529 Ο,
2222 4468 2292 4529 Δ,
2317 4471 2376 4519 Ζ.

586 4552 721 4610 tium,
744 4550 806 4599 L.
1744 4543 1767 4574 ⁸
1800 4551 1867 4606 et,
1892 4544 1956 4607 O,
1977 4544 2046 4605 A,
2069 4547 2136 4605 23
2173 4562 2274 4596 om.
2299 4548 2359 4599 L.

1375 4806 1397 4827 ⁸
1428 4796 1581 4863 April
1611 4800 1752 4847 1173.
1796 4797 1952 4849 Jaffe.

2727 1909 2842 1986 [Phe
2852 1925 3043 1960 canon-

2727 1983 2912 2026 ization
2931 1992 3020 2027 an·-

2727 2045 2976 2094 nounccd.
