3634 5800
627 889 758 939 Aa).
796 873 1016 958 1170.]
1491 885 1854 936 EPISTOLAE.
2618 867 2749 936 279

1514 1219 1851 1286 DCLXII.

731 1374 1026 1440 THOMAS
1073 1373 1644 1442 CANTUARIENSIS
1689 1386 2280 1438 ARGHOEPISOOPUS
2328 1371 2655 1437 ALBERTO

1459 1489 1858 1540 CARDINALI.

907 1626 1005 1688 (A.
1031 1629 1160 1684 2393
1199 1625 1262 1676 O.
1286 1623 1337 1674 ii.
1362 1627 1492 1684 2433
1529 1625 1588 1674 Z.
1610 1640 1660 1675 v·
1683 1629 1783 1686 203
1817 1623 1946 1688 Lup.
1971 1639 2021 1673 v.
2046 1628 2142 1686 203
2177 1623 2357 1674 Thom.
2383 1617 2505 1683 31.)'·

740 1755 1038 1834 Utinam,
1073 1754 1312 1820 dilecte
1335 1753 1360 1792 ¹
1403 1753 1513 1830 mi,
1543 1775 1736 1819 aures
1767 1757 2008 1818 vestrae
2040 1753 2177 1818 sint
2206 1753 2294 1818 ad
2339 1773 2452 1819 ora
2496 1757 2755 1818 nostra·
2780 1774 3055 1825 Dauom.

652 1862 815 1936 tum,
894 1863 964 1921 et
1037 1856 1318 1922 audiant
1392 1855 1510 1921 illa
1585 1877 1734 1942 quae
1807 1855 1881 1919 in
1956 1854 2390 1941 ignominiam
2466 1854 2757 1922 ecclesiae
2780 1840 3072 1958 ffmtfftion

651 1958 968 2024 Romanae
1035 1958 1449 2024 cantitantur
1509 1958 1584 2021 in
1645 1957 1951 2043 compitis
2011 1956 2389 2023 Ascalonis!
2480 1957 2761 2042 Aliquid
2785 1973 2845 2025 of
2860 1969 3049 2026 Foliot.

652 2059 1114 2126 consolationis
1159 2059 1502 2126 novissimi
1547 2058 1777 2124 nuncii
1820 2058 2031 2124 nostri
2078 2058 2481 2124 videbantur
2524 2079 2567 2124 a
2609 2058 2763 2124 sede

656 2160 1014 2246 apostolica
1057 2161 1359 2226 retulisse
1406 2160 1478 2224 in
1521 2159 1764 2224 litteris
1797 2159 2046 2225 domini
2093 2179 2322 2246 papae3
2374 2160 2490 2225 sed
2534 2179 2761 2225 earum

659 2262 1014 2328 auctoritas
1084 2266 1406 2328 evacuata
1467 2265 1584 2338 est,
1646 2259 1865 2325 missis
1909 2281 1951 2326 a
1995 2260 2201 2326 latere
2260 2259 2505 2326 litteris
2548 2264 2631 2325 ut
2689 2260 2763 2324 in

659 2363 1015 2448 perniciem
1081 2360 1368 2428 ecclesiae
1428 2360 1758 2427 Sathanas
1820 2359 2229 2427 solveretur.2
2320 2359 2539 2428 Soluti
2607 2353 2767 2426 sunt

662 2466 838 2532 enim
883 2464 1242 2551 apostolico
1300 2465 1617 2530 mandato
1677 2463 2154 2530 Londoniensis
2200 2471 2269 2530 et
2314 2463 2767 2530 Saresberien·

663 2568 754 2634 sis
797 2567 1100 2654 episcopi,
1147 2588 1426 2653 quorum
1471 2567 1639 2632 alter
1682 2566 1983 2632 incentor
2027 2566 2400 2633 schismatis
2446 2572 2516 2632 et
2560 2567 2768 2634 totius

665 2667 942 2735 malitiae
987 2667 1232 2733 artifex
1277 2669 1363 2734 ab
1407 2667 1603 2733 initio
1647 2667 2058 2754 dignoscitur
2111 2667 2463 2747 exstitisse,
2509 2672 2579 2732 et
2622 2672 2765 2732 tam

670 2769 1248 2850 Saresberiensem,
1311 2790 1510 2854 quam
1573 2790 1798 2834 omnes
1866 2790 2029 2854 quos
2098 2769 2319 2854 potuit
2380 2768 2454 2833 in
2521 2769 2774 2834 crimen

671 2871 1141 2938 inobedientiae
1185 2870 1548 2958 impegisse.
1641 2869 1884 2937 Nescio
1930 2891 2060 2957 quo
2087 2876 2283 2958 pacto
2312 2891 2465 2957 pars
2494 2869 2771 2937 Domini

672 2995 931 3059 semper
1001 2978 1334 3039 mactatur
1399 2975 1472 3038 in
1521 2971 1743 3051 Curia,
1793 2978 1873 3038 ut
1934 2972 2272 3039 Barabbas
2295 2970 2321 3010 ⁸
2389 2974 2632 3039 evadat
2700 2979 2771 3038 et

676 3075 983 3143 Christus
1047 3075 1398 3141 occidatur.
1491 3074 1913 3141 Auctoritate
1956 3073 2176 3141 Curiae
2233 3074 2377 3161 jam
2445 3076 2519 3141 in
2570 3074 2773 3140 finem

671 3177 847 3243 sexti
891 3178 1053 3242 anni
1098 3178 1490 3262 proscriptio
1533 3182 1762 3243 nostra
1805 3183 1876 3242 et
1920 3176 2205 3245 ecclesiae
2250 3177 2587 3243 calamitas
2632 3197 2781 3264 pro·

676 3284 892 3345 tracta
968 3284 1110 3359 est3
1173 3279 1700 3346 condemnantur
1772 3279 1955 3365 apud
2026 3299 2139 3345 vos
2214 3280 2437 3345 miseri
2513 3280 2775 3347 exsules

680 3382 1077 3457 innocentes,
1137 3402 1260 3447 nec
1323 3381 1408 3446 ob
1471 3380 1652 3446 aliud
1717 3380 1830 3465 (ut
1898 3402 1985 3445 ex
2050 3381 2450 3447 conscientia
2516 3380 2781 3468 loquar)

680 3482 809 3547 nisi
873 3483 1030 3567 quia
1091 3503 1412 3568 pauperes
1489 3481 1745 3549 Christi
1812 3488 1972 3546 sunt
2040 3487 2110 3546 et
2172 3481 2545 3560 imbecilles,
2610 3488 2680 3548 et
2741 3504 2783 3549 a

671 3583 942 3670 justitia
986 3582 1114 3648 Dei
1159 3584 1457 3650 recedere
1501 3584 1901 3663 noluerunt3
1964 3584 2401 3651 absolvuntur
2442 3605 2479 3649 e
2523 3586 2789 3671 regione

677 3684 980 3773 sacrilegi
1025 3690 1094 3750 et
1155 3684 1522 3764 homicidae,
1567 3691 1864 3772 raptores
1922 3692 1993 3751 et
2050 3686 2565 3771 impoenitentes,
2611 3708 2777 3773 quos

681 3789 932 3854 mundo
994 3786 1397 3854 reclamante
1457 3808 1580 3853 nec
1641 3808 1682 3852 a
1726 3787 1940 3865 Petro,
2004 3786 2061 3851 si
2129 3787 2531 3873 praesideret,
2596 3790 2777 3875 apud

687 3889 905 3955 Deum
949 3888 1205 3955 absolvi
1251 3909 1456 3975 posse,
1499 3888 1712 3955 libera
1755 3908 1931 3966 voce,
1980 3886 2247 3954 Christo
2308 3893 2591 3969 auctore,
2637 3909 2789 3976 pro·

687 3993 941 4059 nuntio.
1050 3992 1173 4056 Ait
1247 3991 1423 4056 enim
1498 3990 1573 4054 in
1647 3990 2013 4077 Evangelio
2076 3990 2438 4059 secundum
2502 3992 2787 4060 Lucam:

691 4102 726 4128 “
773 4092 846 4159 Si
893 4094 1263 4179 peccaverit
1307 4092 1379 4155 in
1424 4097 1493 4159 te
1538 4091 1744 4157 frater
1789 4098 1965 4175 tuus,
2014 4093 2279 4178 increpa
2322 4092 2557 4176 illum;
2618 4101 2690 4161 et
2732 4097 2793 4161 si

693 4203 728 4231 “
773 4195 1239 4282 poenitentiam
1309 4196 1533 4281 egerit,
1579 4194 1848 4261 dimitte
1909 4194 2028 4262 illi.
2134 4194 2225 4260 Et
2291 4195 2348 4260 si
2415 4196 2659 4283 septies
2722 4198 2799 4265 in

695 4305 730 4331 “
776 4296 883 4363 die
927 4297 1296 4385 peccaverit
1323 4297 1396 4361 in
1427 4302 1513 4375 te,
1544 4300 1614 4361 et
1642 4297 1885 4383 septies
1932 4298 2004 4362 in
2048 4297 2157 4363 die
2200 4317 2553 4365 conversus
2595 4298 2801 4366 fuerit

693 4406 729 4433 ‘⁸
774 4399 861 4464 ad
919 4402 1005 4475 te,
1053 4399 1277 4464 dicens
1336 4398 1631 4465 Poenitet
1693 4420 1817 4477 me,
1866 4398 2133 4465 dimitte
2198 4397 2355 4467 illi.''
2464 4400 2795 4487 Nunquid

763 4626 780 4659 ¹
815 4624 1008 4687 dilecti,
1029 4627 1100 4677 V.
1864 4626 1887 4661 ⁸
1920 4624 2210 4679 Barrabas
2230 4626 2300 4679 A.
2326 4628 2391 4680 0.

761 4704 782 4737 ²
815 4702 1101 4767 solva-etur,
1123 4706 1196 4767 A,
1219 4705 1285 4767 Ο,
1303 4706 1344 4756 Ζ
1364 4706 1459 4772 (cf.
1475 4706 1698 4772 Apoeal.

693 4798 786 4838 xx.
810 4784 868 4844 7)
893 4803 910 4846 3
944 4782 1312 4848 absolveretur,
1333 4785 1396 4839 1..
