3634 5800
476 1082 585 1129 The
606 1095 741 1130 mar-

476 1146 599 1222 tyrs

818 802 949 861 524
1700 814 2064 863 EPISTOLAE.
2531 802 2690 886 [AD.
2727 804 2920 872 1172.

814 1004 1001 1084 parte
1046 996 1119 1063 in
1162 1001 1481 1085 gaudium
1528 1001 1834 1078 transiit3
1903 1007 1973 1066 et
2039 1001 2256 1067 luctus
2300 1002 2376 1065 in
2419 1004 2691 1080 cantica,
2737 1002 2921 1069 felici

814 1122 1077 1186 prorsus
1144 1108 1213 1167 et
1272 1100 1433 1167 laeta
1498 1103 1870 1167 mutatione
1944 1124 2296 1168 conversus
2365 1111 2483 1169 est.
2574 1104 2918 1189 Siquidem

474 1212 721 1263 nnn-aclea.
802 1202 947 1287 jam
992 1202 1172 1279 ade0,
1240 1203 1329 1267 ad
1390 1203 1773 1268 memoriam
1839 1206 2171 1290 martyris,
2225 1206 2534 1270 inaudita
2601 1206 2922 1271 miracula

474 2239 631 2288 Their

474 2306 621 2354 value
642 2320 699 2354 as

472 2371 725 2422 evidence.

469 3881 579 3931 The
600 3879 751 3944 ‹lelay

469 3948 532 3997 of
546 3945 624 3995 his

470 4012 734 4063 canoniza-

469 4079 595 4128 tion.

473 4144 704 4207 Orosius,

470 4213 559 4261 vii.
582 4217 614 4262 4
634 4233 648 4271 ς

809 1304 1223 1382 crebuerunt,
1292 1312 1371 1369 ut
1437 1306 1495 1369 si
1562 1306 1727 1369 alias
1792 1307 2028 1371 audita
2091 1307 2228 1372 illic
2291 1307 2735 1393 provenerint,
2796 1308 2919 1371 vix

808 1412 1199 1471 censeantur
1266 1406 1447 1470 illius
1525 1406 1858 1473 miraculis
1932 1408 2378 1475 adscribenda.
2473 1409 2666 1474 Sicut
2737 1410 2918 1475 enim

810 1508 882 1571 in
928 1508 1109 1572 omni
1156 1507 1535 1573 conditione
1594 1508 1838 1572 nobilis
1902 1509 2163 1574 animus
2231 1510 2496 1575 studuit
2558 1512 2918 1602 conviven-

810 1610 993 1675 tibus
1012 1608 1037 1646 ¹
1110 1611 1515 1695 praeminere,
1590 1611 1687 1674 sic
1759 1632 1959 1687 nunc,
2029 1618 2110 1675 ut
2183 1612 2463 1676 aliorum
2539 1619 2918 1678 sanctorum

810 1734 969 1797 pace
1033 1712 1335 1787 dixerim,
1398 1712 1563 1777 alios
1628 1712 1711 1777 de
1778 1714 2020 1797 quibus
2084 1713 2356 1799 legerim
2419 1714 2528 1779 vel
2590 1715 2914 1780 audierim

810 1816 883 1878 in
926 1813 1389 1879 miraculorum
1422 1813 1835 1879 exhibitione
1867 1815 2194 1900 praecedit.
2293 1815 2484 1895 Quod
2529 1816 2678 1883 ideo
2723 1817 2917 1882 facile

810 1916 1199 1981 crediderim
1287 1916 1685 2002 provenisse,
1776 1922 1856 1981 ut
1931 1916 2130 1983 fidem
2207 1918 2280 1981 in
2355 1918 2658 2004 pluribus
2733 1920 2914 1983 orbis

808 2020 1019 2084 nostri
1051 2019 1371 2105 partibile,
1414 2041 1549 2084 non
1580 2026 1721 2083 tam
1758 2020 2044 2105 sopitam
2105 2041 2305 2108 quam
2335 2019 2470 2085 fere
2500 2022 2918 2098 exstinctam,

808 2120 1003 2209 pius²
1046 2122 1353 2187 dominus
1396 2123 1733 2197 excitaret,
1796 2144 1981 2207 spem
2045 2122 2340 2207 erigeret,
2392 2123 2706 2189 solidaret
2751 2125 2915 2189 cari-

814 2230 1038 2299 tatem,
1098 2229 1168 2287 et
1212 2224 1585 2287 obstrueret
1652 2246 1765 2287 ora
1836 2224 2230 2307 iniquorum,
2297 2226 2411 2309 qui
2475 2232 2704 2291 sancto
2771 2227 2916 2290 viro

812 2326 1251 2391 detrahebant
1294 2326 1368 2389 in
1414 2326 1574 2401 vita,
1637 2336 1705 2389 et
1768 2326 1922 2390 odio
1985 2347 2278 2410 personae
2343 2348 2607 2391 causam
2657 2327 2910 2392 Christi

812 2428 1389 2515 prosequebantur.
1486 2428 1649 2507 Quis
1713 2428 1891 2491 enim
1966 2428 2202 2492 amodo
2249 2450 2474 2493 veram
2519 2436 2590 2493 et
2649 2429 2910 2495 fidelem

812 2532 1077 2597 dubitet
1119 2531 1491 2595 doctrinam
1539 2528 1809 2605 Christi,
1854 2530 1968 2613 qui
2017 2530 2236 2594 verbis
2283 2531 2419 2594 suis
2466 2531 2916 2596 adhaerentem

810 2635 1145 2699 hominem
1220 2632 1410 2696 nobis
1486 2636 1721 2695 notum
1804 2636 2000 2695 tanta
2083 2632 2403 2697 felicitate
2443 2632 2912 2698 ‘remunerati’

812 2737 976 2817 Quis
1042 2756 1305 2801 causam
1369 2735 1569 2798 fuisse
1634 2733 1950 2818 iniquam,
2019 2734 2148 2797 nisi
2193 2733 2650 2812 daemoniacuS,
2720 2736 2915 2813 dicet,

811 2862 958 2926 quae
1004 2844 1356 2924 patronum
1402 2857 1597 2899 suum
1643 2841 1838 2899 tanta
1882 2841 2152 2901 coronat
2197 2835 2456 2922 gloria?
2548 2836 2918 2903 Dubitatur

810 2966 852 3007 a
894 2941 1219 3028 plurimis,
1266 2961 1355 3004 an
1416 2959 1565 3024 pars
1634 2938 1888 3002 domini
1951 2959 2159 3024 papae,
2225 2939 2297 3002 in
2341 2961 2474 3024 qua
2518 2945 2787 3017 stamus,
2833 2942 2918 3006 de

800 3044 1069 3131 justitia
1142 3043 1505 3119 niteretur3
1596 3038 1710 3104 sed
1802 3059 1946 3102 eam
2036 3059 2078 3104 a
2167 3039 2438 3105 crimine
2545 3041 2915 3106 schismatis

807 3145 1128 3232 gloriosus
1174 3147 1430 3226 martyr
1491 3139 1798 3216 absolvit,
1867 3140 2000 3225 qui,
2067 3138 2122 3202 si
2193 3140 2414 3204 fautor
2477 3147 2647 3206 esset
2711 3141 2914 3207 schis-

808 3247 1025 3324 matiS,
1100 3263 1517 3328 nequaquam
1586 3241 1796 3306 tantis
1865 3240 2202 3304 miraculis
2269 3247 2658 3307 coruscaret.
2750 3244 2918 3306 Erat

808 3367 1092 3432 namque
1149 3329 1263 3407 ‘vii-
1334 3349 1542 3407 tantae
1612 3341 2004 3426 prudentiae,
2080 3346 2158 3405 ut
2233 3363 2367 3406 non
2441 3341 2631 3408 facile
2695 3351 2918 3429 posset

808 3471 1023 3516 errore
1069 3445 1479 3532 supplantari
1512 3445 1583 3507 in
1616 3447 1805 3508 tanto
1842 3442 2132 3528 periculo
2160 3443 2547 3508 animarum.
2630 3445 2914 3510 Mirarer

808 3555 1033 3639 itaque
1080 3571 1281 3635 supra
1324 3548 1593 3613 modum
1656 3569 1773 3613 cur
1836 3569 1986 3611 eum
2053 3547 2357 3611 dominus
2403 3568 2578 3634 papa
2621 3550 2693 3613 in
2739 3556 2917 3614 cata-

808 3656 957 3741 logo
1022 3659 1391 3737 martyrum
1414 3655 1439 3695 3
1502 3649 1703 3735 recipi
1772 3669 1908 3712 non
1977 3647 2378 3734 praeceperit,
2446 3650 2574 3713 nisi
2641 3651 2798 3736 quia
2843 3653 2915 3715 in

811 3755 1263 3823 Ecclesiastica
1340 3752 1641 3816 Historia
1715 3750 1950 3836 legisse
2025 3772 2128 3815 me
2202 3749 2431 3827 recole,
2510 3752 2684 3835 quod
2761 3773 2911 3816 cum

809 3847 1083 3933 Pilatus,
1114 3857 1314 3919 missa
1349 3854 1684 3929 relatione,
1718 3851 2056 3916 Tiberium
2103 3850 2422 3916 Coesarem
2455 3852 2911 3927 consuluisset,

809 3983 898 4027 an
966 3958 1324 4031 Christum,
1373 3955 1486 4041 qui
1551 3959 1655 4018 tot
1716 3959 1785 4018 et
1849 3958 2040 4018 tanta
2107 3952 2349 4017 fecerat
2416 3957 2484 4016 et
2527 3977 2568 4016 a
2612 3953 2916 4038 plurimis

810 4062 1147 4128 colebatur
1194 4064 1269 4122 ut
1315 4057 1511 4132 Deus,
1560 4055 1683 4120 coli
1732 4060 2063 4140 oporteret
2107 4068 2186 4118 ut
2230 4053 2464 4130 Deum,
2497 4061 2782 4132 senatuS,
2827 4058 2916 4121 ab

810 4167 1203 4252 imperatore
1249 4158 1604 4233 consultus,
1636 4156 1977 4242 respondit
2007 4155 2274 4240 quidem
2311 4156 2658 4221 colendum
2704 4159 2908 4224 fuisse

473 4280 629 4356 Greg.
654 4279 756 4328 'ru-
812 4273 888 4333 ut
917 4267 1153 4341 Deum,
1196 4261 1328 4326 nisi
1374 4259 1531 4346 quia
1574 4259 1645 4322 id
1689 4257 2124 4344 provinciales
2166 4257 2336 4322 citra
2361 4263 2632 4323 senatus
2677 4265 2904 4325 aucto-

467 4361 579 4394 ΓΜ·
604 4361 637 4396 ²·
656 4351 739 4397 ²³·
808 4372 1075 4436 ritatem
1122 4367 1694 4454 praesumpserant.
1789 4361 1878 4424 Et
1923 4359 2190 4445 quidem
2253 4359 2363 4436 sic,
2411 4365 2582 4424 nutu
2628 4360 2915 4428 faciente

874 4652 890 4683 ¹
925 4644 1316 4704 conniventibus,
1339 4639 1403 4691 L.
1973 4637 1995 4668 ³
2029 4632 2312 4700 cataloymn
2387 4635 2654 4703 (omitting
2722 4648 2917 4704 marty.

872 4727 894 4760 2
923 4727 1062 4793 pius,
1085 4724 1141 4785 Z,
1166 4723 1246 4782 G;
1278 4737 1378 4770 om.
1403 4720 1463 4769 L.
1907 4716 2064 4776 rum),
2088 4712 2153 4765 L.
