<?xml version="1.0" encoding="UTF-8"?>
<!DOCTYPE html PUBLIC "-//W3C//DTD XHTML 1.0 Transitional//EN"
    "http://www.w3.org/TR/xhtml1/DTD/xhtml1-transitional.dtd">
<html xmlns="http://www.w3.org/1999/xhtml" xml:lang="en" lang="en">
 <head>
  <title>
</title>
<meta http-equiv="Content-Type" content="text/html;charset=utf-8" />
  <meta name='ocr-system' content='tesseract 3.04.00' />
  <meta name='ocr-capabilities' content='ocr_page ocr_carea ocr_par ocr_line ocrx_word'/>
</head>
<body>
  <div class='ocr_page' id='page_1' title='image "./materialsforhis00herbgoog_0459.png"; bbox 0 0 3634 5800; ppageno 0'>
   <div class='ocr_carea' id='block_1_1' title="bbox 592 1024 897 1158">
    <p class='ocr_par' dir='ltr' id='par_1_1' title="bbox 592 1024 897 1158">
     <span class='ocr_line' id='line_1_1' title="bbox 594 1024 874 1093; baseline 0.004 -1"><span class='ocrx_word' id='word_1_1' title='bbox 594 1024 874 1093; x_wconf 69' lang='lat' dir='ltr'><strong>Requirins</strong></span> 
     </span>
     <span class='ocr_line' id='line_1_2' title="bbox 592 1108 897 1158; baseline -0.003 -14"><span class='ocrx_word' id='word_1_2' title='bbox 592 1108 897 1158; x_wconf 79' lang='lat' dir='ltr'><strong>vengeance.</strong></span> 
     </span>
    </p>
   </div>
   <div class='ocr_carea' id='block_1_2' title="bbox 934 827 3040 919">
    <p class='ocr_par' dir='ltr' id='par_1_2' title="bbox 934 827 3040 919">
     <span class='ocr_line' id='line_1_3' title="bbox 934 827 3040 919; baseline -0.004 -18"><span class='ocrx_word' id='word_1_3' title='bbox 934 838 1067 903; x_wconf 77' lang='lat'><strong>434</strong></span> <span class='ocrx_word' id='word_1_4' title='bbox 1803 850 2164 903; x_wconf 73' lang='lat' dir='ltr'><strong>nms&#39;roLAE.</strong></span> <span class='ocrx_word' id='word_1_5' title='bbox 2644 834 2812 919; x_wconf 66' lang='lat' dir='ltr'><strong>[Am.</strong></span> <span class='ocrx_word' id='word_1_6' title='bbox 2847 827 3040 901; x_wconf 81' lang='grc'><strong>1171.</strong></span> 
     </span>
    </p>
   </div>
   <div class='ocr_carea' id='block_1_3' title="bbox 930 1031 3041 3870">
    <p class='ocr_par' dir='ltr' id='par_1_3' title="bbox 930 1031 3041 3870">
     <span class='ocr_line' id='line_1_4' title="bbox 1020 1031 3036 1123; baseline -0.003 -22"><span class='ocrx_word' id='word_1_7' title='bbox 1020 1037 1279 1104; x_wconf 82' lang='lat' dir='ltr'><strong>Vestrae</strong></span> <span class='ocrx_word' id='word_1_8' title='bbox 1354 1037 1610 1123; x_wconf 81' lang='lat' dir='ltr'><strong>placuit</strong></span> <span class='ocrx_word' id='word_1_9' title='bbox 1702 1036 2054 1123; x_wconf 82' lang='lat' dir='ltr'><strong>majestati,</strong></span> <span class='ocrx_word' id='word_1_10' title='bbox 2141 1035 2321 1121; x_wconf 91' lang='lat' dir='ltr'><strong>quod</strong></span> <span class='ocrx_word' id='word_1_11' title='bbox 2343 1034 2369 1074; x_wconf 80' lang='lat'>¹</span> <span class='ocrx_word' id='word_1_12' title='bbox 2443 1034 2621 1099; x_wconf 88' lang='lat' dir='ltr'><strong>inter</strong></span> <span class='ocrx_word' id='word_1_13' title='bbox 2693 1031 3036 1115; x_wconf 81' lang='lat' dir='ltr'><strong>dominum</strong></span> 
     </span>
     <span class='ocr_line' id='line_1_5' title="bbox 934 1134 3041 1225; baseline -0.003 -22"><span class='ocrx_word' id='word_1_14' title='bbox 934 1136 1478 1204; x_wconf 83' lang='lat' dir='ltr'><strong>Oantuariensem</strong></span> <span class='ocrx_word' id='word_1_15' title='bbox 1501 1136 1528 1176; x_wconf 57' lang='grc' dir='ltr'><strong>Β</strong></span> <span class='ocrx_word' id='word_1_16' title='bbox 1572 1142 1642 1203; x_wconf 89' lang='lat' dir='ltr'><strong>et</strong></span> <span class='ocrx_word' id='word_1_17' title='bbox 1684 1160 1905 1225; x_wconf 87' lang='lat' dir='ltr'><strong>regem</strong></span> <span class='ocrx_word' id='word_1_18' title='bbox 1949 1136 2319 1224; x_wconf 87' lang='lat' dir='ltr'><strong>Anglorum</strong></span> <span class='ocrx_word' id='word_1_19' title='bbox 2339 1134 2368 1175; x_wconf 75' lang='lat'><strong>⁸</strong></span> <span class='ocrx_word' id='word_1_20' title='bbox 2391 1156 2528 1222; x_wconf 82' lang='lat' dir='ltr'><strong>pax</strong></span> <span class='ocrx_word' id='word_1_21' title='bbox 2557 1134 3041 1216; x_wconf 69' lang='lat' dir='ltr'><strong>reformaretur,</strong></span> 
     </span>
     <span class='ocr_line' id='line_1_6' title="bbox 930 1235 3038 1327; baseline -0.004 -22"><span class='ocrx_word' id='word_1_22' title='bbox 930 1244 1001 1305; x_wconf 85' lang='lat' dir='ltr'><strong>et</strong></span> <span class='ocrx_word' id='word_1_23' title='bbox 1045 1240 1305 1327; x_wconf 87' lang='lat' dir='ltr'><strong>integr-a</strong></span> <span class='ocrx_word' id='word_1_24' title='bbox 1370 1240 1747 1305; x_wconf 87' lang='lat' dir='ltr'><strong>firmaretur</strong></span> <span class='ocrx_word' id='word_1_25' title='bbox 1810 1240 2171 1306; x_wconf 87' lang='lat' dir='ltr'><strong>concordia.</strong></span> <span class='ocrx_word' id='word_1_26' title='bbox 2265 1237 2505 1324; x_wconf 84' lang='lat' dir='ltr'><strong>Itaque</strong></span> <span class='ocrx_word' id='word_1_27' title='bbox 2559 1238 2765 1323; x_wconf 80' lang='lat' dir='ltr'><strong>juxta</strong></span> <span class='ocrx_word' id='word_1_28' title='bbox 2829 1235 3038 1301; x_wconf 67' lang='lat' dir='ltr'><strong>voetri</strong></span> 
     </span>
     <span class='ocr_line' id='line_1_7' title="bbox 930 1337 3038 1427; baseline -0.002 -22"><span class='ocrx_word' id='word_1_29' title='bbox 930 1346 1226 1406; x_wconf 86' lang='lat' dir='ltr'><strong>tenorem</strong></span> <span class='ocrx_word' id='word_1_30' title='bbox 1268 1340 1569 1406; x_wconf 85' lang='lat' dir='ltr'><strong>mandati</strong></span> <span class='ocrx_word' id='word_1_31' title='bbox 1611 1339 1804 1405; x_wconf 88' lang='lat' dir='ltr'><strong>iHum</strong></span> <span class='ocrx_word' id='word_1_32' title='bbox 1849 1362 1970 1406; x_wconf 82' lang='lat' dir='ltr'><strong>rex</strong></span> <span class='ocrx_word' id='word_1_33' title='bbox 2013 1340 2275 1427; x_wconf 80' lang='lat' dir='ltr'><strong>Angliae</strong></span> <span class='ocrx_word' id='word_1_34' title='bbox 2319 1340 2515 1403; x_wconf 86' lang='lat' dir='ltr'><strong>vultu</strong></span> <span class='ocrx_word' id='word_1_35' title='bbox 2561 1338 2776 1413; x_wconf 81' lang='lat' dir='ltr'><strong>hilari,</strong></span> <span class='ocrx_word' id='word_1_36' title='bbox 2820 1337 3038 1401; x_wconf 88' lang='lat' dir='ltr'><strong>fronte</strong></span> 
     </span>
     <span class='ocr_line' id='line_1_8' title="bbox 930 1438 3036 1526; baseline -0.003 -19"><span class='ocrx_word' id='word_1_37' title='bbox 930 1441 1088 1507; x_wconf 85' lang='lat' dir='ltr'><strong>laeta</strong></span> <span class='ocrx_word' id='word_1_38' title='bbox 1154 1447 1223 1507; x_wconf 95' lang='lat' dir='ltr'><strong>et</strong></span> <span class='ocrx_word' id='word_1_39' title='bbox 1284 1461 1513 1526; x_wconf 88' lang='lat' dir='ltr'><strong>pacem</strong></span> <span class='ocrx_word' id='word_1_40' title='bbox 1575 1440 1941 1526; x_wconf 86' lang='lat' dir='ltr'><strong>spondente</strong></span> <span class='ocrx_word' id='word_1_41' title='bbox 2015 1447 2086 1506; x_wconf 87' lang='lat' dir='ltr'><strong>et</strong></span> <span class='ocrx_word' id='word_1_42' title='bbox 2157 1439 2441 1526; x_wconf 86' lang='lat' dir='ltr'><strong>gratiam</strong></span> <span class='ocrx_word' id='word_1_43' title='bbox 2517 1439 2644 1504; x_wconf 86' lang='lat' dir='ltr'>sibi</span> <span class='ocrx_word' id='word_1_44' title='bbox 2718 1438 3036 1503; x_wconf 71' lang='lat' dir='ltr'><strong>referente</strong></span> 
     </span>
     <span class='ocr_line' id='line_1_9' title="bbox 934 1539 3036 1629; baseline -0.002 -23"><span class='ocrx_word' id='word_1_45' title='bbox 934 1542 1197 1629; x_wconf 87' lang='lat' dir='ltr'><strong>recepit.</strong></span> <span class='ocrx_word' id='word_1_46' title='bbox 1290 1541 1469 1608; x_wconf 87' lang='lat' dir='ltr'><strong>Huic</strong></span> <span class='ocrx_word' id='word_1_47' title='bbox 1490 1539 1517 1579; x_wconf 76' lang='lat'><em>4</em></span> <span class='ocrx_word' id='word_1_48' title='bbox 1578 1543 1727 1627; x_wconf 87' lang='lat' dir='ltr'><strong>paci</strong></span> <span class='ocrx_word' id='word_1_49' title='bbox 1771 1548 1842 1607; x_wconf 90' lang='lat' dir='ltr'><strong>et</strong></span> <span class='ocrx_word' id='word_1_50' title='bbox 1908 1542 2270 1608; x_wconf 73' lang='lat' dir='ltr'>concordiae</span> <span class='ocrx_word' id='word_1_51' title='bbox 2337 1540 2545 1618; x_wconf 82' lang='lat' dir='ltr'><strong>adfui,</strong></span> <span class='ocrx_word' id='word_1_52' title='bbox 2591 1545 2662 1605; x_wconf 90' lang='lat' dir='ltr'><strong>et</strong></span> <span class='ocrx_word' id='word_1_53' title='bbox 2721 1561 2826 1604; x_wconf 93' lang='lat' dir='ltr'><strong>me</strong></span> <span class='ocrx_word' id='word_1_54' title='bbox 2869 1559 3036 1624; x_wconf 76' lang='lat' dir='ltr'><strong>prse—</strong></span> 
     </span>
     <span class='ocr_line' id='line_1_10' title="bbox 932 1642 3036 1729; baseline -0.002 -20"><span class='ocrx_word' id='word_1_55' title='bbox 932 1650 1118 1709; x_wconf 89' lang='lat' dir='ltr'><strong>sente</strong></span> <span class='ocrx_word' id='word_1_56' title='bbox 1184 1645 1491 1710; x_wconf 85' lang='lat' dir='ltr'><strong>dominus</strong></span> <span class='ocrx_word' id='word_1_57' title='bbox 1560 1642 2057 1710; x_wconf 68' lang='lat' dir='ltr'><strong>cantuariensis</strong></span> <span class='ocrx_word' id='word_1_58' title='bbox 2118 1643 2300 1729; x_wconf 89' lang='lat' dir='ltr'><strong>apud</strong></span> <span class='ocrx_word' id='word_1_59' title='bbox 2363 1664 2583 1729; x_wconf 87' lang='lat' dir='ltr'><strong>regem</strong></span> <span class='ocrx_word' id='word_1_60' title='bbox 2627 1642 2711 1707; x_wconf 92' lang='lat' dir='ltr'><strong>de</strong></span> <span class='ocrx_word' id='word_1_61' title='bbox 2773 1661 3036 1706; x_wconf 84' lang='lat' dir='ltr'><strong>corona-</strong></span> 
     </span>
     <span class='ocr_line' id='line_1_11' title="bbox 932 1743 3036 1833; baseline -0.002 -22"><span class='ocrx_word' id='word_1_62' title='bbox 932 1746 1113 1811; x_wconf 87' lang='lat' dir='ltr'><strong>tione</strong></span> <span class='ocrx_word' id='word_1_63' title='bbox 1157 1746 1280 1811; x_wconf 85' lang='lat' dir='ltr'><strong>filii</strong></span> <span class='ocrx_word' id='word_1_64' title='bbox 1324 1746 1431 1811; x_wconf 85' lang='lat' dir='ltr'><strong>sui</strong></span> <span class='ocrx_word' id='word_1_65' title='bbox 1476 1752 1873 1833; x_wconf 77' lang='lat' dir='ltr'><strong>conquestus</strong></span> <span class='ocrx_word' id='word_1_66' title='bbox 1917 1751 2036 1823; x_wconf 89' lang='lat' dir='ltr'><strong>est,</strong></span> <span class='ocrx_word' id='word_1_67' title='bbox 2079 1767 2279 1831; x_wconf 87' lang='lat' dir='ltr'><strong>quem</strong></span> <span class='ocrx_word' id='word_1_68' title='bbox 2339 1750 2500 1811; x_wconf 84' lang='lat' dir='ltr'><strong>voto</strong></span> <span class='ocrx_word' id='word_1_69' title='bbox 2560 1743 2922 1808; x_wconf 87' lang='lat' dir='ltr'><strong>festinante</strong></span> <span class='ocrx_word' id='word_1_70' title='bbox 2965 1746 3036 1807; x_wconf 89' lang='lat' dir='ltr'><strong>et</strong></span> 
     </span>
     <span class='ocr_line' id='line_1_12' title="bbox 932 1844 3036 1934; baseline -0.002 -22"><span class='ocrx_word' id='word_1_71' title='bbox 932 1847 1207 1912; x_wconf 85' lang='lat' dir='ltr'><strong>ardente</strong></span> <span class='ocrx_word' id='word_1_72' title='bbox 1226 1846 1251 1885; x_wconf 78' lang='lat'>⁵</span> <span class='ocrx_word' id='word_1_73' title='bbox 1294 1846 1617 1913; x_wconf 88' lang='lat' dir='ltr'><strong>desiderio</strong></span> <span class='ocrx_word' id='word_1_74' title='bbox 1682 1848 1755 1912; x_wconf 91' lang='lat' dir='ltr'><strong>in</strong></span> <span class='ocrx_word' id='word_1_75' title='bbox 1800 1848 2063 1915; x_wconf 88' lang='lat' dir='ltr'><strong>culmen</strong></span> <span class='ocrx_word' id='word_1_76' title='bbox 2125 1847 2323 1934; x_wconf 81' lang='lat' dir='ltr'><strong>regiae</strong></span> <span class='ocrx_word' id='word_1_77' title='bbox 2385 1846 2735 1932; x_wconf 85' lang='lat' dir='ltr'><strong>dignitatis</strong></span> <span class='ocrx_word' id='word_1_78' title='bbox 2794 1844 3036 1910; x_wconf 86' lang='lat' dir='ltr'><strong>fecerat</strong></span> 
     </span>
     <span class='ocr_line' id='line_1_13' title="bbox 932 1945 3034 2036; baseline -0.001 -23"><span class='ocrx_word' id='word_1_79' title='bbox 932 1950 1319 2035; x_wconf 86' lang='lat' dir='ltr'><strong>promoveri.</strong></span> <span class='ocrx_word' id='word_1_80' title='bbox 1418 1946 1644 2036; x_wconf 86' lang='lat' dir='ltr'><strong>Hujus</strong></span> <span class='ocrx_word' id='word_1_81' title='bbox 1706 1956 1934 2016; x_wconf 82' lang='lat' dir='ltr'><strong>autem</strong></span> <span class='ocrx_word' id='word_1_82' title='bbox 1995 1950 2256 2036; x_wconf 74' lang='lat' dir='ltr'><strong>injuriae</strong></span> <span class='ocrx_word' id='word_1_83' title='bbox 2319 1970 2470 2014; x_wconf 87' lang='lat' dir='ltr'><strong>reus</strong></span> <span class='ocrx_word' id='word_1_84' title='bbox 2514 1954 2585 2013; x_wconf 87' lang='lat' dir='ltr'><strong>et</strong></span> <span class='ocrx_word' id='word_1_85' title='bbox 2626 1948 2756 2013; x_wconf 91' lang='lat' dir='ltr'><strong>sibi</strong></span> <span class='ocrx_word' id='word_1_86' title='bbox 2777 1945 2806 1986; x_wconf 76' lang='lat'><strong>⁶</strong></span> <span class='ocrx_word' id='word_1_87' title='bbox 2866 1946 3034 2011; x_wconf 85' lang='lat' dir='ltr'><strong>male</strong></span> 
     </span>
     <span class='ocr_line' id='line_1_14' title="bbox 932 2042 3036 2139; baseline -0 -23"><span class='ocrx_word' id='word_1_88' title='bbox 932 2051 1245 2131; x_wconf 80' lang='lat' dir='ltr'><strong>conscius,</strong></span> <span class='ocrx_word' id='word_1_89' title='bbox 1291 2072 1414 2115; x_wconf 83' lang='lat' dir='ltr'><strong>rex</strong></span> <span class='ocrx_word' id='word_1_90' title='bbox 1456 2052 1719 2139; x_wconf 85' lang='lat' dir='ltr'><strong>Angliae</strong></span> <span class='ocrx_word' id='word_1_91' title='bbox 1774 2052 1948 2139; x_wconf 88' lang='lat' dir='ltr'><strong>juris</strong></span> <span class='ocrx_word' id='word_1_92' title='bbox 1994 2056 2064 2117; x_wconf 90' lang='lat' dir='ltr'><strong>et</strong></span> <span class='ocrx_word' id='word_1_93' title='bbox 2125 2048 2587 2117; x_wconf 72' lang='lat' dir='ltr'><strong>satisfactionis</strong></span> <span class='ocrx_word' id='word_1_94' title='bbox 2646 2049 2779 2135; x_wconf 90' lang='lat' dir='ltr'><strong>ipsi</strong></span> <span class='ocrx_word' id='word_1_95' title='bbox 2797 2046 2822 2084; x_wconf 86' lang='lat'>⁷</span> <span class='ocrx_word' id='word_1_96' title='bbox 2867 2042 3036 2115; x_wconf 80' lang='lat' dir='ltr'><strong>Oan-</strong></span> 
     </span>
     <span class='ocr_line' id='line_1_15' title="bbox 930 2150 3040 2239; baseline -0.001 -24"><span class='ocrx_word' id='word_1_97' title='bbox 930 2153 1253 2217; x_wconf 87' lang='lat' dir='ltr'><strong>tuariensi</strong></span> <span class='ocrx_word' id='word_1_98' title='bbox 1311 2151 1552 2238; x_wconf 87' lang='lat' dir='ltr'><strong>pignus</strong></span> <span class='ocrx_word' id='word_1_99' title='bbox 1596 2154 1799 2219; x_wconf 86' lang='lat' dir='ltr'><strong>dedit.</strong></span> <span class='ocrx_word' id='word_1_100' title='bbox 1889 2152 2304 2239; x_wconf 85' lang='lat' dir='ltr'><strong>Conquestus</strong></span> <span class='ocrx_word' id='word_1_101' title='bbox 2348 2156 2452 2217; x_wconf 87' lang='lat' dir='ltr'><strong>est</strong></span> <span class='ocrx_word' id='word_1_102' title='bbox 2509 2152 2712 2216; x_wconf 85' lang='lat' dir='ltr'><strong>etiam</strong></span> <span class='ocrx_word' id='word_1_103' title='bbox 2758 2151 2842 2216; x_wconf 92' lang='lat' dir='ltr'><strong>de</strong></span> <span class='ocrx_word' id='word_1_104' title='bbox 2903 2150 3040 2235; x_wconf 88' lang='lat' dir='ltr'><strong>epi-</strong></span> 
     </span>
     <span class='ocr_line' id='line_1_16' title="bbox 936 2250 3034 2341; baseline 0 -25"><span class='ocrx_word' id='word_1_105' title='bbox 936 2252 1145 2337; x_wconf 88' lang='lat' dir='ltr'><strong>scopis</strong></span> <span class='ocrx_word' id='word_1_106' title='bbox 1168 2250 1195 2290; x_wconf 79' lang='lat'><strong>⁸</strong></span> <span class='ocrx_word' id='word_1_107' title='bbox 1239 2254 1355 2338; x_wconf 90' lang='lat' dir='ltr'><strong>qui</strong></span> <span class='ocrx_word' id='word_1_108' title='bbox 1401 2260 1631 2320; x_wconf 85' lang='lat' dir='ltr'><strong>contra</strong></span> <span class='ocrx_word' id='word_1_109' title='bbox 1678 2255 1793 2341; x_wconf 89' lang='lat' dir='ltr'><strong>jus</strong></span> <span class='ocrx_word' id='word_1_110' title='bbox 1839 2261 1908 2320; x_wconf 87' lang='lat' dir='ltr'><strong>et</strong></span> <span class='ocrx_word' id='word_1_111' title='bbox 1952 2254 2148 2320; x_wconf 88' lang='lat' dir='ltr'><strong>decus</strong></span> <span class='ocrx_word' id='word_1_112' title='bbox 2196 2252 2692 2319; x_wconf 87' lang='lat' dir='ltr'><strong>Cantuariensis</strong></span> <span class='ocrx_word' id='word_1_113' title='bbox 2752 2252 3034 2317; x_wconf 85' lang='lat' dir='ltr'><strong>ecclesiae</strong></span> 
     </span>
     <span class='ocr_line' id='line_1_17' title="bbox 934 2352 3032 2441; baseline -0.001 -24"><span class='ocrx_word' id='word_1_114' title='bbox 934 2373 1184 2419; x_wconf 87' lang='lat' dir='ltr'><strong>novum</strong></span> <span class='ocrx_word' id='word_1_115' title='bbox 1248 2375 1466 2440; x_wconf 87' lang='lat' dir='ltr'><strong>regem</strong></span> <span class='ocrx_word' id='word_1_116' title='bbox 1530 2355 1603 2419; x_wconf 91' lang='lat' dir='ltr'><strong>in</strong></span> <span class='ocrx_word' id='word_1_117' title='bbox 1678 2356 1902 2421; x_wconf 88' lang='lat' dir='ltr'><strong>sedem</strong></span> <span class='ocrx_word' id='word_1_118' title='bbox 1965 2356 2216 2441; x_wconf 82' lang='lat' dir='ltr'><strong>regiam</strong></span> <span class='ocrx_word' id='word_1_119' title='bbox 2290 2358 2857 2440; x_wconf 74' lang='lat' dir='ltr'><strong>praesumpserunt</strong></span> <span class='ocrx_word' id='word_1_120' title='bbox 2929 2352 3032 2415; x_wconf 84' lang='lat' dir='ltr'><strong>in-</strong></span> 
     </span>
     <span class='ocr_line' id='line_1_18' title="bbox 931 2455 3038 2543; baseline -0.001 -22"><span class='ocrx_word' id='word_1_121' title='bbox 931 2456 1225 2535; x_wconf 75' lang='lat' dir='ltr'><strong>trudere,</strong></span> <span class='ocrx_word' id='word_1_122' title='bbox 1265 2476 1401 2522; x_wconf 88' lang='lat' dir='ltr'><strong>non</strong></span> <span class='ocrx_word' id='word_1_123' title='bbox 1444 2457 1585 2523; x_wconf 88' lang='lat' dir='ltr'><strong>zelo</strong></span> <span class='ocrx_word' id='word_1_124' title='bbox 1640 2458 1940 2543; x_wconf 76' lang='lat' dir='ltr'><strong>justitiae,</strong></span> <span class='ocrx_word' id='word_1_125' title='bbox 1986 2479 2110 2529; x_wconf 82' lang='lat' dir='ltr'><strong>nec</strong></span> <span class='ocrx_word' id='word_1_126' title='bbox 2129 2456 2156 2497; x_wconf 82' lang='lat'><strong>⁹</strong></span> <span class='ocrx_word' id='word_1_127' title='bbox 2199 2462 2279 2522; x_wconf 90' lang='lat' dir='ltr'><strong>ut</strong></span> <span class='ocrx_word' id='word_1_128' title='bbox 2323 2455 2466 2522; x_wconf 91' lang='lat' dir='ltr'><strong>Deo</strong></span> <span class='ocrx_word' id='word_1_129' title='bbox 2525 2456 2877 2542; x_wconf 81' lang='lat' dir='ltr'><strong>placerent,</strong></span> <span class='ocrx_word' id='word_1_130' title='bbox 2921 2455 3038 2519; x_wconf 88' lang='lat' dir='ltr'><strong>sed</strong></span> 
     </span>
     <span class='ocr_line' id='line_1_19' title="bbox 934 2556 3034 2644; baseline 0 -24"><span class='ocrx_word' id='word_1_131' title='bbox 934 2560 1013 2620; x_wconf 88' lang='lat' dir='ltr'><strong>ut</strong></span> <span class='ocrx_word' id='word_1_132' title='bbox 1086 2561 1449 2641; x_wconf 84' lang='lat' dir='ltr'><strong>tyrannum</strong></span> <span class='ocrx_word' id='word_1_133' title='bbox 1524 2558 1881 2644; x_wconf 82' lang='lat' dir='ltr'><strong>placarent.</strong></span> <span class='ocrx_word' id='word_1_134' title='bbox 2004 2557 2106 2623; x_wconf 92' lang='lat' dir='ltr'><strong>De</strong></span> <span class='ocrx_word' id='word_1_135' title='bbox 2181 2556 2315 2622; x_wconf 86' lang='lat' dir='ltr'><strong>illis</strong></span> <span class='ocrx_word' id='word_1_136' title='bbox 2390 2578 2548 2623; x_wconf 84' lang='lat' dir='ltr'><strong>vero</strong></span> <span class='ocrx_word' id='word_1_137' title='bbox 2625 2556 2900 2621; x_wconf 84' lang='lat' dir='ltr'><strong>liberam</strong></span> <span class='ocrx_word' id='word_1_138' title='bbox 2963 2560 3034 2620; x_wconf 86' lang='lat' dir='ltr'><strong>et</strong></span> 
     </span>
     <span class='ocr_line' id='line_1_20' title="bbox 930 2656 3039 2746; baseline 0 -25"><span class='ocrx_word' id='word_1_139' title='bbox 930 2656 1185 2723; x_wconf 87' lang='lat' dir='ltr'><strong>licitam</strong></span> <span class='ocrx_word' id='word_1_140' title='bbox 1207 2656 1261 2698; x_wconf 89' lang='lat'><strong>¹⁰</strong></span> <span class='ocrx_word' id='word_1_141' title='bbox 1302 2680 1421 2724; x_wconf 84' lang='lat' dir='ltr'><strong>rex</strong></span> <span class='ocrx_word' id='word_1_142' title='bbox 1466 2660 1529 2724; x_wconf 90' lang='lat' dir='ltr'><strong>ei</strong></span> <span class='ocrx_word' id='word_1_143' title='bbox 1588 2660 1908 2726; x_wconf 87' lang='lat' dir='ltr'><strong>concessit</strong></span> <span class='ocrx_word' id='word_1_144' title='bbox 1950 2664 2364 2746; x_wconf 83' lang='lat' dir='ltr'><strong>potestatem,</strong></span> <span class='ocrx_word' id='word_1_145' title='bbox 2409 2664 2490 2724; x_wconf 88' lang='lat' dir='ltr'><strong>ut</strong></span> <span class='ocrx_word' id='word_1_146' title='bbox 2546 2658 2632 2723; x_wconf 83' lang='lat' dir='ltr'><strong>ad</strong></span> <span class='ocrx_word' id='word_1_147' title='bbox 2683 2662 2923 2723; x_wconf 73' lang='lat' dir='ltr'><strong>vestrae</strong></span> <span class='ocrx_word' id='word_1_148' title='bbox 2967 2662 3039 2722; x_wconf 88' lang='lat' dir='ltr'><strong>et</strong></span> 
     </span>
     <span class='ocr_line' id='line_1_21' title="bbox 934 2759 3030 2846; baseline -0.001 -21"><span class='ocrx_word' id='word_1_149' title='bbox 934 2781 1073 2826; x_wconf 80' lang='lat' dir='ltr'><strong>suae</strong></span> <span class='ocrx_word' id='word_1_150' title='bbox 1134 2762 1483 2846; x_wconf 84' lang='lat' dir='ltr'><strong>potestatis</strong></span> <span class='ocrx_word' id='word_1_151' title='bbox 1527 2762 1898 2841; x_wconf 89' lang='lat' dir='ltr'><strong>arbitrium,</strong></span> <span class='ocrx_word' id='word_1_152' title='bbox 1966 2762 2039 2826; x_wconf 91' lang='lat' dir='ltr'><strong>in</strong></span> <span class='ocrx_word' id='word_1_153' title='bbox 2099 2782 2209 2827; x_wconf 90' lang='lat' dir='ltr'><strong>eos</strong></span> <span class='ocrx_word' id='word_1_154' title='bbox 2275 2762 2672 2827; x_wconf 78' lang='lat' dir='ltr'><strong>sententiam</strong></span> <span class='ocrx_word' id='word_1_155' title='bbox 2739 2759 3030 2845; x_wconf 88' lang='lat' dir='ltr'><strong>promul-</strong></span> 
     </span>
     <span class='ocr_line' id='line_1_22' title="bbox 935 2862 3036 2951; baseline -0 -23"><span class='ocrx_word' id='word_1_156' title='bbox 935 2867 1138 2948; x_wconf 85' lang='lat' dir='ltr'><strong>garet.</strong></span> <span class='ocrx_word' id='word_1_157' title='bbox 1231 2862 1397 2930; x_wconf 81' lang='lat' dir='ltr'><strong>Haec</strong></span> <span class='ocrx_word' id='word_1_158' title='bbox 1440 2864 1767 2950; x_wconf 88' lang='lat' dir='ltr'><strong>siquidem</strong></span> <span class='ocrx_word' id='word_1_159' title='bbox 1828 2864 2038 2944; x_wconf 75' lang='lat' dir='ltr'><strong>vobiS,</strong></span> <span class='ocrx_word' id='word_1_160' title='bbox 2082 2864 2192 2930; x_wconf 88' lang='lat' dir='ltr'><strong>vel</strong></span> <span class='ocrx_word' id='word_1_161' title='bbox 2226 2864 2607 2951; x_wconf 83' lang='lat' dir='ltr'><strong>juramento</strong></span> <span class='ocrx_word' id='word_1_162' title='bbox 2631 2862 2680 2903; x_wconf 80' lang='lat'><strong>¹¹</strong></span> <span class='ocrx_word' id='word_1_163' title='bbox 2723 2862 2834 2928; x_wconf 85' lang='lat' dir='ltr'><strong>vel</strong></span> <span class='ocrx_word' id='word_1_164' title='bbox 2876 2882 3036 2950; x_wconf 88' lang='lat' dir='ltr'><strong>quo-</strong></span> 
     </span>
     <span class='ocr_line' id='line_1_23' title="bbox 935 2963 3034 3053; baseline 0.001 -25"><span class='ocrx_word' id='word_1_165' title='bbox 935 2963 1104 3030; x_wconf 88' lang='lat' dir='ltr'><strong>libet</strong></span> <span class='ocrx_word' id='word_1_166' title='bbox 1175 2964 1306 3030; x_wconf 89' lang='lat' dir='ltr'><strong>alio</strong></span> <span class='ocrx_word' id='word_1_167' title='bbox 1381 2966 1651 3031; x_wconf 88' lang='lat' dir='ltr'><strong>libuerit</strong></span> <span class='ocrx_word' id='word_1_168' title='bbox 1725 2967 1939 3044; x_wconf 92' lang='lat' dir='ltr'><strong>mod0‚</strong></span> <span class='ocrx_word' id='word_1_169' title='bbox 2015 2967 2320 3033; x_wconf 86' lang='lat' dir='ltr'><strong>attestari</strong></span> <span class='ocrx_word' id='word_1_170' title='bbox 2395 2971 2668 3053; x_wconf 86' lang='lat' dir='ltr'><strong>paratus</strong></span> <span class='ocrx_word' id='word_1_171' title='bbox 2743 2986 2890 3029; x_wconf 91' lang='lat' dir='ltr'><strong>sum</strong></span> <span class='ocrx_word' id='word_1_172' title='bbox 2964 2970 3034 3030; x_wconf 86' lang='lat' dir='ltr'><strong>et</strong></span> 
     </span>
     <span class='ocr_line' id='line_1_24' title="bbox 935 3065 3030 3152; baseline 0 -22"><span class='ocrx_word' id='word_1_173' title='bbox 935 3066 1206 3132; x_wconf 86' lang='lat' dir='ltr'><strong>sancire.</strong></span> <span class='ocrx_word' id='word_1_174' title='bbox 1298 3065 1409 3133; x_wconf 88' lang='lat' dir='ltr'><strong>Sic</strong></span> <span class='ocrx_word' id='word_1_175' title='bbox 1477 3067 1721 3152; x_wconf 78' lang='lat' dir='ltr'><strong>itaque,</strong></span> <span class='ocrx_word' id='word_1_176' title='bbox 1766 3088 1926 3152; x_wconf 87' lang='lat' dir='ltr'><strong>pace</strong></span> <span class='ocrx_word' id='word_1_177' title='bbox 1969 3067 2169 3146; x_wconf 85' lang='lat' dir='ltr'><strong>facta,</strong></span> <span class='ocrx_word' id='word_1_178' title='bbox 2228 3067 2335 3132; x_wconf 84' lang='lat' dir='ltr'><strong>vir</strong></span> <span class='ocrx_word' id='word_1_179' title='bbox 2381 3067 2508 3132; x_wconf 91' lang='lat' dir='ltr'><strong>Dei</strong></span> <span class='ocrx_word' id='word_1_180' title='bbox 2575 3066 2675 3130; x_wconf 88' lang='lat' dir='ltr'><strong>nil</strong></span> <span class='ocrx_word' id='word_1_181' title='bbox 2730 3071 3030 3131; x_wconf 89' lang='lat' dir='ltr'><strong>metuens</strong></span> 
     </span>
     <span class='ocr_line' id='line_1_25' title="bbox 932 3167 3036 3256; baseline 0 -25"><span class='ocrx_word' id='word_1_182' title='bbox 932 3167 1214 3246; x_wconf 86' lang='lat' dir='ltr'><strong>recessit,</strong></span> <span class='ocrx_word' id='word_1_183' title='bbox 1260 3175 1340 3233; x_wconf 88' lang='lat' dir='ltr'><strong>ut</strong></span> <span class='ocrx_word' id='word_1_184' title='bbox 1398 3168 1619 3256; x_wconf 84' lang='lat' dir='ltr'><strong>gladio</strong></span> <span class='ocrx_word' id='word_1_185' title='bbox 1678 3169 1992 3256; x_wconf 85' lang='lat' dir='ltr'><strong>jugulum</strong></span> <span class='ocrx_word' id='word_1_186' title='bbox 2057 3169 2384 3246; x_wconf 87' lang='lat' dir='ltr'><strong>subderet,</strong></span> <span class='ocrx_word' id='word_1_187' title='bbox 2430 3174 2501 3234; x_wconf 92' lang='lat' dir='ltr'><strong>et</strong></span> <span class='ocrx_word' id='word_1_188' title='bbox 2559 3167 2877 3234; x_wconf 86' lang='lat' dir='ltr'><strong>cervicem</strong></span> <span class='ocrx_word' id='word_1_189' title='bbox 2920 3189 3036 3232; x_wconf 83' lang='lat' dir='ltr'><strong>ex-</strong></span> 
     </span>
     <span class='ocr_line' id='line_1_26' title="bbox 932 3268 3031 3356; baseline 0 -22"><span class='ocrx_word' id='word_1_190' title='bbox 932 3275 1207 3355; x_wconf 88' lang='lat' dir='ltr'><strong>poneret</strong></span> <span class='ocrx_word' id='word_1_191' title='bbox 1273 3268 1552 3336; x_wconf 87' lang='lat' dir='ltr'><strong>ferienti.</strong></span> <span class='ocrx_word' id='word_1_192' title='bbox 1662 3270 1902 3336; x_wconf 84' lang='lat' dir='ltr'><strong>Passus</strong></span> <span class='ocrx_word' id='word_1_193' title='bbox 1969 3276 2072 3336; x_wconf 89' lang='lat' dir='ltr'><strong>est</strong></span> <span class='ocrx_word' id='word_1_194' title='bbox 2133 3291 2289 3356; x_wconf 88' lang='lat' dir='ltr'><strong>ergo</strong></span> <span class='ocrx_word' id='word_1_195' title='bbox 2354 3270 2754 3355; x_wconf 84' lang='lat' dir='ltr'><strong>martyrium</strong></span> <span class='ocrx_word' id='word_1_196' title='bbox 2823 3288 3031 3356; x_wconf 84' lang='lat' dir='ltr'><strong>agnus</strong></span> 
     </span>
     <span class='ocr_line' id='line_1_27' title="bbox 932 3373 3032 3453; baseline 0.001 -15"><span class='ocrx_word' id='word_1_197' title='bbox 932 3375 1263 3453; x_wconf 87' lang='lat' dir='ltr'><strong>innocens,</strong></span> <span class='ocrx_word' id='word_1_198' title='bbox 1292 3376 1581 3441; x_wconf 83' lang='lat' dir='ltr'><strong>crastina</strong></span> <span class='ocrx_word' id='word_1_199' title='bbox 1610 3375 2008 3444; x_wconf 82' lang='lat' dir='ltr'><strong>Sanctorum</strong></span> <span class='ocrx_word' id='word_1_200' title='bbox 2025 3375 2463 3442; x_wconf 89' lang='lat' dir='ltr'><strong>Innocentum</strong></span> <span class='ocrx_word' id='word_1_201' title='bbox 2485 3373 2537 3414; x_wconf 78' lang='lat'><strong>¹²</strong></span> <span class='ocrx_word' id='word_1_202' title='bbox 2567 3375 2696 3441; x_wconf 83' lang='lat' dir='ltr'><strong>die.</strong></span> <span class='ocrx_word' id='word_1_203' title='bbox 2769 3375 3032 3441; x_wconf 87' lang='lat' dir='ltr'><strong>Effusus</strong></span> 
     </span>
     <span class='ocr_line' id='line_1_28' title="bbox 930 3477 3030 3564; baseline 0.001 -23"><span class='ocrx_word' id='word_1_204' title='bbox 930 3483 1033 3541; x_wconf 87' lang='lat' dir='ltr'><strong>est</strong></span> <span class='ocrx_word' id='word_1_205' title='bbox 1078 3477 1347 3564; x_wconf 86' lang='lat' dir='ltr'><strong>sanguis</strong></span> <span class='ocrx_word' id='word_1_206' title='bbox 1384 3477 1630 3562; x_wconf 87' lang='lat' dir='ltr'><strong>justus,</strong></span> <span class='ocrx_word' id='word_1_207' title='bbox 1662 3477 1781 3543; x_wconf 91' lang='lat' dir='ltr'><strong>ubi</strong></span> <span class='ocrx_word' id='word_1_208' title='bbox 1824 3482 2069 3543; x_wconf 71' lang='lat' dir='ltr'><strong>nostrae</strong></span> <span class='ocrx_word' id='word_1_209' title='bbox 2114 3479 2436 3544; x_wconf 87' lang='lat' dir='ltr'><strong>viaticum</strong></span> <span class='ocrx_word' id='word_1_210' title='bbox 2481 3477 2717 3543; x_wconf 81' lang='lat' dir='ltr'><strong>salutis</strong></span> <span class='ocrx_word' id='word_1_211' title='bbox 2761 3479 3030 3564; x_wconf 84' lang='lat' dir='ltr'><strong>sanguis</strong></span> 
     </span>
     <span class='ocr_line' id='line_1_29' title="bbox 932 3576 3032 3659; baseline 0.001 -15"><span class='ocrx_word' id='word_1_212' title='bbox 932 3576 1184 3644; x_wconf 82' lang='lat' dir='ltr'><strong>Christi</strong></span> <span class='ocrx_word' id='word_1_213' title='bbox 1228 3579 1462 3644; x_wconf 87' lang='lat' dir='ltr'><strong>solitus</strong></span> <span class='ocrx_word' id='word_1_214' title='bbox 1508 3584 1611 3644; x_wconf 90' lang='lat' dir='ltr'><strong>est</strong></span> <span class='ocrx_word' id='word_1_215' title='bbox 1635 3577 1683 3620; x_wconf 77' lang='lat'><strong>¹⁸</strong></span> <span class='ocrx_word' id='word_1_216' title='bbox 1710 3579 2055 3645; x_wconf 89' lang='lat' dir='ltr'><strong>immolari.</strong></span> <span class='ocrx_word' id='word_1_217' title='bbox 2149 3577 2362 3645; x_wconf 85' lang='lat' dir='ltr'><strong>Canes</strong></span> <span class='ocrx_word' id='word_1_218' title='bbox 2408 3578 2633 3659; x_wconf 78' lang='lat' dir='ltr'><strong>aulici,</strong></span> <span class='ocrx_word' id='word_1_219' title='bbox 2677 3580 3032 3646; x_wconf 82' lang='lat' dir='ltr'><strong>familiares</strong></span> 
     </span>
     <span class='ocr_line' id='line_1_30' title="bbox 930 3679 3030 3767; baseline 0 -22"><span class='ocrx_word' id='word_1_220' title='bbox 930 3686 1001 3745; x_wconf 88' lang='lat' dir='ltr'><strong>et</strong></span> <span class='ocrx_word' id='word_1_221' title='bbox 1029 3679 1372 3746; x_wconf 88' lang='lat' dir='ltr'><strong>domestici</strong></span> <span class='ocrx_word' id='word_1_222' title='bbox 1402 3681 1573 3766; x_wconf 84' lang='lat' dir='ltr'><strong>regis</strong></span> <span class='ocrx_word' id='word_1_223' title='bbox 1604 3679 1884 3767; x_wconf 84' lang='lat' dir='ltr'><strong>Angliae,</strong></span> <span class='ocrx_word' id='word_1_224' title='bbox 1915 3701 1986 3746; x_wconf 88' lang='lat' dir='ltr'><strong>se</strong></span> <span class='ocrx_word' id='word_1_225' title='bbox 2015 3681 2351 3746; x_wconf 87' lang='lat' dir='ltr'><strong>ministros</strong></span> <span class='ocrx_word' id='word_1_226' title='bbox 2381 3679 2556 3766; x_wconf 88' lang='lat' dir='ltr'><strong>regis</strong></span> <span class='ocrx_word' id='word_1_227' title='bbox 2585 3680 3030 3766; x_wconf 70' lang='lat' dir='ltr'><strong>praebuerunt,</strong></span> 
     </span>
     <span class='ocr_line' id='line_1_31' title="bbox 930 3771 3029 3870; baseline 0.001 -24"><span class='ocrx_word' id='word_1_228' title='bbox 930 3794 999 3846; x_wconf 84' lang='lat' dir='ltr'><strong>et</strong></span> <span class='ocrx_word' id='word_1_229' title='bbox 1040 3785 1354 3848; x_wconf 87' lang='lat' dir='ltr'><strong>nocentes</strong></span> <span class='ocrx_word' id='word_1_230' title='bbox 1400 3783 1820 3848; x_wconf 85' lang='lat' dir='ltr'><strong>innocentem</strong></span> <span class='ocrx_word' id='word_1_231' title='bbox 1851 3783 2241 3870; x_wconf 88' lang='lat' dir='ltr'><strong>sanguinem</strong></span> <span class='ocrx_word' id='word_1_232' title='bbox 2284 3771 2722 3856; x_wconf 75' lang='lat' dir='ltr'><strong>hauserunt‚¹⁴</strong></span> <span class='ocrx_word' id='word_1_233' title='bbox 2809 3783 3029 3870; x_wconf 83' lang='lat' dir='ltr'><strong>Hujus</strong></span> 
     </span>
    </p>
   </div>
   <div class='ocr_carea' id='block_1_4' title="bbox 924 4027 3036 4646">
    <p class='ocr_par' dir='ltr' id='par_1_4' title="bbox 993 4027 2842 4090">
     <span class='ocr_line' id='line_1_32' title="bbox 993 4027 2842 4090; baseline 0.002 -13"><span class='ocrx_word' id='word_1_234' title='bbox 993 4029 1011 4062; x_wconf 81' lang='lat'>¹</span> <span class='ocrx_word' id='word_1_235' title='bbox 1047 4036 1118 4088; x_wconf 80' lang='lat' dir='ltr'><strong>uc,</strong></span> <span class='ocrx_word' id='word_1_236' title='bbox 1140 4028 1201 4078; x_wconf 89' lang='lat' dir='ltr'><strong>C.</strong></span> <span class='ocrx_word' id='word_1_237' title='bbox 2099 4029 2140 4062; x_wconf 88' lang='lat'><strong>¹⁰</strong></span> <span class='ocrx_word' id='word_1_238' title='bbox 2173 4027 2386 4090; x_wconf 71' lang='lat' dir='ltr'><strong>licitam,</strong></span> <span class='ocrx_word' id='word_1_239' title='bbox 2407 4030 2485 4090; x_wconf 73' lang='lat'><strong>03</strong></span> <span class='ocrx_word' id='word_1_240' title='bbox 2521 4029 2758 4090; x_wconf 75' lang='lat' dir='ltr'><strong>licentem,</strong></span> <span class='ocrx_word' id='word_1_241' title='bbox 2778 4031 2842 4081; x_wconf 93' lang='lat' dir='ltr'><strong>L.</strong></span> 
     </span>
    </p>

    <p class='ocr_par' dir='ltr' id='par_1_5' title="bbox 924 4106 3036 4255">
     <span class='ocr_line' id='line_1_33' title="bbox 990 4106 3036 4174; baseline 0.001 -17"><span class='ocrx_word' id='word_1_242' title='bbox 990 4109 1013 4141; x_wconf 77' lang='lat'>²</span> <span class='ocrx_word' id='word_1_243' title='bbox 1048 4107 1485 4174; x_wconf 72' lang='lat' dir='ltr'><strong>archiepiscopum,</strong></span> <span class='ocrx_word' id='word_1_244' title='bbox 1506 4107 1607 4158; x_wconf 75' lang='lat' dir='ltr'><strong>ins,</strong></span> <span class='ocrx_word' id='word_1_245' title='bbox 1632 4109 1689 4170; x_wconf 89' lang='lat' dir='ltr'><strong>Z,</strong></span> <span class='ocrx_word' id='word_1_246' title='bbox 1711 4107 1789 4169; x_wconf 79' lang='lat' dir='ltr'><strong>L;</strong></span> <span class='ocrx_word' id='word_1_247' title='bbox 1826 4123 1928 4160; x_wconf 88' lang='lat' dir='ltr'><strong>om.</strong></span> <span class='ocrx_word' id='word_1_248' title='bbox 2097 4107 2132 4139; x_wconf 81' lang='lat'><strong>¹¹</strong></span> <span class='ocrx_word' id='word_1_249' title='bbox 2168 4106 2308 4156; x_wconf 69' lang='lat' dir='ltr'><strong>vobis</strong></span> <span class='ocrx_word' id='word_1_250' title='bbox 2329 4107 2721 4172; x_wconf 68' lang='lat' dir='ltr'><strong>veljurammto,</strong></span> <span class='ocrx_word' id='word_1_251' title='bbox 2736 4110 2799 4169; x_wconf 89' lang='lat' dir='ltr'><strong>Z,</strong></span> <span class='ocrx_word' id='word_1_252' title='bbox 2818 4110 2892 4170; x_wconf 89' lang='lat' dir='ltr'><strong>L;</strong></span> <span class='ocrx_word' id='word_1_253' title='bbox 2928 4110 3036 4160; x_wconf 76' lang='lat' dir='ltr'><strong>vidi</strong></span> 
     </span>
     <span class='ocr_line' id='line_1_34' title="bbox 924 4185 3027 4255; baseline 0.005 -23"><span class='ocrx_word' id='word_1_254' title='bbox 924 4189 987 4248; x_wconf 87' lang='lat' dir='ltr'><strong>O,</strong></span> <span class='ocrx_word' id='word_1_255' title='bbox 1012 4187 1070 4239; x_wconf 87' lang='lat' dir='ltr'><strong>G.</strong></span> <span class='ocrx_word' id='word_1_256' title='bbox 2027 4193 2078 4236; x_wconf 79' lang='lat' dir='ltr'><strong>et</strong></span> <span class='ocrx_word' id='word_1_257' title='bbox 2113 4185 2302 4249; x_wconf 78' lang='lat' dir='ltr'><strong>audivi,</strong></span> <span class='ocrx_word' id='word_1_258' title='bbox 2333 4194 2381 4236; x_wconf 75' lang='lat' dir='ltr'><strong>et</strong></span> <span class='ocrx_word' id='word_1_259' title='bbox 2419 4186 2510 4237; x_wconf 79' lang='grc' dir='ltr'><em>Ιιοσ</em></span> <span class='ocrx_word' id='word_1_260' title='bbox 2551 4187 2633 4237; x_wconf 81' lang='lat' dir='ltr'><strong>vel</strong></span> <span class='ocrx_word' id='word_1_261' title='bbox 2662 4189 3027 4255; x_wconf 57' lang='lat' dir='ltr'><strong>jurejurandO,</strong></span> 
     </span>
    </p>

    <p class='ocr_par' dir='ltr' id='par_1_6' title="bbox 988 4265 2092 4331">
     <span class='ocr_line' id='line_1_35' title="bbox 988 4265 2092 4331; baseline -0.001 -14"><span class='ocrx_word' id='word_1_262' title='bbox 988 4269 1011 4302; x_wconf 80' lang='lat'><strong>³</strong></span> <span class='ocrx_word' id='word_1_263' title='bbox 1043 4265 1260 4331; x_wconf 60' lang='lat' dir='ltr'><strong>Anytus,</strong></span> <span class='ocrx_word' id='word_1_264' title='bbox 1286 4267 1351 4329; x_wconf 87' lang='lat' dir='ltr'><strong>O,</strong></span> <span class='ocrx_word' id='word_1_265' title='bbox 1372 4267 1429 4316; x_wconf 91' lang='lat' dir='ltr'><strong>Z.</strong></span> <span class='ocrx_word' id='word_1_266' title='bbox 2029 4266 2092 4318; x_wconf 85' lang='lat' dir='ltr'><strong>C.</strong></span> 
     </span>
    </p>

    <p class='ocr_par' dir='ltr' id='par_1_7' title="bbox 985 4343 3030 4409">
     <span class='ocr_line' id='line_1_36' title="bbox 985 4343 3030 4409; baseline 0.002 -15"><span class='ocrx_word' id='word_1_267' title='bbox 985 4346 1007 4377; x_wconf 84' lang='lat'><strong>⁴</strong></span> <span class='ocrx_word' id='word_1_268' title='bbox 1042 4344 1199 4406; x_wconf 78' lang='lat' dir='ltr'><strong>Hinc,</strong></span> <span class='ocrx_word' id='word_1_269' title='bbox 1221 4346 1283 4395; x_wconf 98' lang='lat' dir='ltr'><strong>L.</strong></span> <span class='ocrx_word' id='word_1_270' title='bbox 2093 4343 2135 4377; x_wconf 78' lang='lat'><strong>¹²</strong></span> <span class='ocrx_word' id='word_1_271' title='bbox 2171 4345 2515 4409; x_wconf 75' lang='lat' dir='ltr'><strong>Innocentum,</strong></span> <span class='ocrx_word' id='word_1_272' title='bbox 2552 4347 2618 4407; x_wconf 91' lang='grc' dir='ltr'><strong>Ο,</strong></span> <span class='ocrx_word' id='word_1_273' title='bbox 2663 4348 2736 4408; x_wconf 70' lang='grc' dir='ltr'><strong>Ζς</strong></span> <span class='ocrx_word' id='word_1_274' title='bbox 2789 4348 3030 4400; x_wconf 77' lang='lat' dir='ltr'><strong>Innocen-</strong></span> 
     </span>
    </p>

    <p class='ocr_par' dir='ltr' id='par_1_8' title="bbox 985 4423 2246 4485">
     <span class='ocr_line' id='line_1_37' title="bbox 985 4423 2246 4485; baseline 0 -11"><span class='ocrx_word' id='word_1_275' title='bbox 985 4425 1007 4456; x_wconf 81' lang='lat'>⁵</span> <span class='ocrx_word' id='word_1_276' title='bbox 1041 4423 1255 4484; x_wconf 76' lang='lat' dir='ltr'><strong>ardenti,</strong></span> <span class='ocrx_word' id='word_1_277' title='bbox 1279 4424 1341 4475; x_wconf 81' lang='lat' dir='ltr'><strong>O·</strong></span> <span class='ocrx_word' id='word_1_278' title='bbox 2025 4425 2164 4485; x_wconf 78' lang='lat' dir='ltr'><strong>tium,</strong></span> <span class='ocrx_word' id='word_1_279' title='bbox 2186 4424 2246 4474; x_wconf 86' lang='lat' dir='ltr'><strong>L.</strong></span> 
     </span>
    </p>

    <p class='ocr_par' dir='ltr' id='par_1_9' title="bbox 986 4500 3028 4578">
     <span class='ocr_line' id='line_1_38' title="bbox 986 4500 3028 4578; baseline 0.003 -26"><span class='ocrx_word' id='word_1_280' title='bbox 986 4502 1007 4535; x_wconf 82' lang='lat'><strong>⁶</strong></span> <span class='ocrx_word' id='word_1_281' title='bbox 1039 4509 1089 4552; x_wconf 73' lang='lat' dir='ltr'><strong>et</strong></span> <span class='ocrx_word' id='word_1_282' title='bbox 1110 4502 1228 4563; x_wconf 65' lang='lat' dir='ltr'><strong>sibi,</strong></span> <span class='ocrx_word' id='word_1_283' title='bbox 1252 4500 1334 4561; x_wconf 65' lang='lat'><strong>03</strong></span> <span class='ocrx_word' id='word_1_284' title='bbox 1366 4501 1467 4551; x_wconf 71' lang='lat' dir='ltr'><strong>sibi</strong></span> <span class='ocrx_word' id='word_1_285' title='bbox 1486 4508 1551 4564; x_wconf 80' lang='lat' dir='ltr'><strong>et,</strong></span> <span class='ocrx_word' id='word_1_286' title='bbox 1574 4502 1638 4551; x_wconf 90' lang='lat' dir='ltr'><strong>L.</strong></span> <span class='ocrx_word' id='word_1_287' title='bbox 2091 4501 2132 4535; x_wconf 80' lang='lat'><strong>¹³</strong></span> <span class='ocrx_word' id='word_1_288' title='bbox 2169 4501 2380 4553; x_wconf 70' lang='lat' dir='ltr'><strong>Christo</strong></span> <span class='ocrx_word' id='word_1_289' title='bbox 2412 4503 2622 4566; x_wconf 77' lang='lat' dir='ltr'><strong>solebat,</strong></span> <span class='ocrx_word' id='word_1_290' title='bbox 2671 4505 2714 4557; x_wconf 84' lang='lat' dir='ltr'>C</span> <span class='ocrx_word' id='word_1_291' title='bbox 2764 4507 3028 4578; x_wconf 83' lang='lat' dir='ltr'><strong>(omitting</strong></span> 
     </span>
    </p>

    <p class='ocr_par' dir='ltr' id='par_1_10' title="bbox 984 4579 2609 4646">
     <span class='ocr_line' id='line_1_39' title="bbox 984 4579 2609 4646; baseline 0.002 -16"><span class='ocrx_word' id='word_1_292' title='bbox 984 4580 1007 4618; x_wconf 85' lang='grc'><strong><em>7</em></strong></span> <span class='ocrx_word' id='word_1_293' title='bbox 1038 4581 1234 4630; x_wconf 68' lang='lat' dir='ltr'><strong>donnino</strong></span> <span class='ocrx_word' id='word_1_294' title='bbox 1259 4579 1365 4642; x_wconf 85' lang='lat' dir='ltr'><strong>(for</strong></span> <span class='ocrx_word' id='word_1_295' title='bbox 1388 4581 1536 4644; x_wconf 71' lang='lat' dir='ltr'><strong>ipsi),</strong></span> <span class='ocrx_word' id='word_1_296' title='bbox 1561 4580 1621 4632; x_wconf 86' lang='lat' dir='ltr'><strong>C.</strong></span> <span class='ocrx_word' id='word_1_297' title='bbox 2023 4582 2258 4646; x_wconf 69' lang='lat' dir='ltr'><strong>sanquis)</strong></span> <span class='ocrx_word' id='word_1_298' title='bbox 2279 4604 2292 4642; x_wconf 90' lang='lat'>;</span> <span class='ocrx_word' id='word_1_299' title='bbox 2326 4581 2529 4643; x_wconf 72' lang='lat' dir='ltr'><strong>solebat,</strong></span> <span class='ocrx_word' id='word_1_300' title='bbox 2551 4584 2609 4633; x_wconf 91' lang='lat' dir='ltr'><strong>Z.</strong></span> 
     </span>
    </p>
   </div>
   <div class='ocr_carea' id='block_1_5' title="bbox 980 4657 3026 4802">
    <p class='ocr_par' dir='ltr' id='par_1_11' title="bbox 980 4657 3026 4802">
     <span class='ocr_line' id='line_1_40' title="bbox 982 4657 3026 4726; baseline 0.003 -18"><span class='ocrx_word' id='word_1_301' title='bbox 982 4659 1005 4690; x_wconf 69' lang='grc' dir='ltr'><strong>Β</strong></span> <span class='ocrx_word' id='word_1_302' title='bbox 1040 4658 1301 4724; x_wconf 74' lang='lat' dir='ltr'><strong>episcopis,</strong></span> <span class='ocrx_word' id='word_1_303' title='bbox 1324 4657 1396 4719; x_wconf 82' lang='lat'><strong>03</strong></span> <span class='ocrx_word' id='word_1_304' title='bbox 1434 4658 1574 4721; x_wconf 68' lang='lat' dir='ltr'><strong>ipsis,</strong></span> <span class='ocrx_word' id='word_1_305' title='bbox 1595 4658 1655 4708; x_wconf 90' lang='lat' dir='ltr'><strong>L.</strong></span> <span class='ocrx_word' id='word_1_306' title='bbox 2091 4657 2133 4692; x_wconf 81' lang='lat'><strong>¹⁴</strong></span> <span class='ocrx_word' id='word_1_307' title='bbox 2150 4658 2427 4722; x_wconf 70' lang='lat' dir='ltr'><strong>fuderunt,</strong></span> <span class='ocrx_word' id='word_1_308' title='bbox 2479 4661 2556 4722; x_wconf 74' lang='lat'><strong>03</strong></span> <span class='ocrx_word' id='word_1_309' title='bbox 2607 4661 2909 4726; x_wconf 72' lang='lat' dir='ltr'><strong>qffitderunt,</strong></span> <span class='ocrx_word' id='word_1_310' title='bbox 2953 4666 3026 4722; x_wconf 70' lang='lat' dir='ltr'><strong>L:</strong></span> 
     </span>
     <span class='ocr_line' id='line_1_41' title="bbox 980 4735 2806 4802; baseline 0.003 -16"><span class='ocrx_word' id='word_1_311' title='bbox 980 4737 1003 4770; x_wconf 81' lang='lat'><strong>⁹</strong></span> <span class='ocrx_word' id='word_1_312' title='bbox 1037 4752 1145 4796; x_wconf 80' lang='lat' dir='ltr'><strong>nec,</strong></span> <span class='ocrx_word' id='word_1_313' title='bbox 1169 4736 1245 4797; x_wconf 68' lang='grc' dir='ltr'><strong>ῦς</strong></span> <span class='ocrx_word' id='word_1_314' title='bbox 1278 4752 1394 4798; x_wconf 74' lang='lat' dir='ltr'><strong>non,</strong></span> <span class='ocrx_word' id='word_1_315' title='bbox 1415 4735 1476 4786; x_wconf 90' lang='lat' dir='ltr'><strong>L.</strong></span> <span class='ocrx_word' id='word_1_316' title='bbox 2023 4747 2295 4802; x_wconf 64' lang='lat' dir='ltr'><strong>aua-emat,</strong></span> <span class='ocrx_word' id='word_1_317' title='bbox 2317 4738 2397 4801; x_wconf 74' lang='lat'><strong>03</strong></span> <span class='ocrx_word' id='word_1_318' title='bbox 2431 4739 2723 4802; x_wconf 67' lang='lat' dir='ltr'><strong>hauserunt,</strong></span> <span class='ocrx_word' id='word_1_319' title='bbox 2747 4743 2806 4794; x_wconf 90' lang='lat' dir='ltr'><strong>Z.</strong></span> 
     </span>
    </p>
   </div>
   <div class='ocr_carea' id='block_1_6' title="bbox 3578 0 3600 3000">
    <p class='ocr_par' dir='ltr' id='par_1_12' title="bbox 3578 0 3600 3000">
     <span class='ocr_line' id='line_1_42' title="bbox 3578 0 3600 3000; baseline 0 0"><span class='ocrx_word' id='word_1_320' title='bbox 3578 0 3600 3000; x_wconf 95' lang='lat' dir='ltr'><strong> </strong></span> 
     </span>
    </p>
   </div>
   <div class='ocr_carea' id='block_1_7' title="bbox 3594 3127 3595 3836">
    <p class='ocr_par' dir='ltr' id='par_1_13' title="bbox 3594 3127 3595 3836">
     <span class='ocr_line' id='line_1_43' title="bbox 3594 3127 3595 3836; baseline 0 0"><span class='ocrx_word' id='word_1_321' title='bbox 3594 3127 3595 3836; x_wconf 95' lang='lat' dir='ltr'><strong> </strong></span> 
     </span>
    </p>
   </div>
  </div>
 </body>
</html>
