3634 5800
751 890 880 941 A.D.
917 874 1141 961 1170]
1166 960 1179 974 .
1640 892 1999 941 EPISTOLAE.
2717 874 2845 970 421

750 1100 985 1165 graves
1054 1077 1413 1157 molestiae,
1488 1082 1559 1144 et
1631 1078 1819 1144 illam
1897 1077 2420 1143 sollicitudinem
2439 1076 2462 1115 ¹
2512 1098 2710 1163 quam
2784 1078 2860 1141 in

749 1182 1031 1248 sacrario
1075 1182 1357 1269 pectoris
1404 1182 1627 1260 vestri,
1676 1182 1867 1267 quasi
1915 1202 2171 1247 crucem
2196 1177 2222 1217 ²
2253 1180 2601 1259 assiduam,
2632 1184 2854 1265 porta-

747 1281 941 1360 batis,
1004 1285 1088 1349 ad
1152 1304 1381 1371 pacem
1452 1281 1950 1350 Cantuariensis
2009 1282 2481 1368 archiepiscopi
2555 1282 2853 1347 animum

746 1383 1014 1470 gloriosi
1090 1386 1263 1473 regis
1324 1388 1427 1451 An
1433 1387 1690 1473 glorum
1697 1438 1713 1469 ,
1758 1386 1847 1452 ad
1917 1407 2140 1472 preces
2205 1388 2462 1450 vestras
2527 1388 2595 1449 et
2649 1384 2854 1470 juxta

748 1488 955 1551 vestri
1018 1488 1296 1554 formam
1372 1489 1692 1567 mandati,
1736 1487 1972 1553 divina
2036 1486 2393 1553 clementia
2451 1486 2852 1563 inclinasset,

750 1594 837 1666 et,
882 1590 1116 1657 audita
1161 1612 1339 1676 pace,
1372 1592 1668 1656 omnium
1723 1591 2050 1657 bonorum
2097 1611 2290 1655 voces
2339 1588 2751 1654 exsultarent
2780 1592 2848 1654 et

748 1692 961 1769 corda,
1008 1697 1077 1758 et
1120 1694 1260 1779 ipse
1308 1692 1805 1759 Oantuariensis
1851 1691 2377 1779 archiepiscopus
2421 1691 2630 1770 salvo,
2670 1713 2846 1769 san0,

746 1793 1154 1880 honestoque
1252 1801 1622 1861 commeatu
1738 1794 2088 1860 transisset
2176 1795 2248 1859 in
2354 1794 2688 1881 Angliam,
2781 1799 2848 1860 et

747 1916 974 1962 omnes
1019 1897 1092 1961 in
1138 1898 1435 1963 adventu
1483 1918 1603 1963 suo
1652 1918 1882 1963 vocem
1920 1896 2358 1981 jocunditatis
2403 1902 2473 1961 et
2519 1896 2850 1962 canticum

744 1999 1287 2082 praestolarentur
1352 1999 1627 2075 laetitiae,
1694 2020 1886 2063 versa
1949 2002 2052 2063 est
2118 1996 2191 2062 in
2265 1998 2519 2063 luctum
2595 1997 2852 2064 cithara

746 2122 989 2179 eorum,
1053 2106 1123 2167 et
1186 2107 1450 2168 tantam
1524 2100 1729 2187 regiae
1804 2100 2188 2165 serenitatis
2264 2100 2846 2185 perturbationem,

746 2202 1299 2290 afflictionemque
1345 2202 1783 2279 ecclesiarum,
1829 2203 2168 2287 totiusque
2231 2200 2460 2288 populi
2523 2200 2657 2266 fere
2703 2202 2845 2267 des-

746 2306 1170 2397 perationem,
1218 2306 1605 2392 accepimuS,
1650 2308 1730 2367 ut
1752 2300 1779 2343 ³
1821 2324 1957 2367 non
2002 2303 2328 2389 possimus
2371 2302 2668 2389 graviter
2711 2326 2846 2369 non

744 2408 983 2490 dolere,
1059 2410 1218 2495 quia
1298 2408 1549 2473 domini
1623 2407 1795 2493 regis
1887 2405 2136 2472 offensa
2211 2428 2435 2471 omnes
2513 2406 2628 2491 qui
2719 2408 2846 2471 sub

746 2510 998 2575 ditione
1075 2512 1217 2596 ejus
1293 2510 1581 2575 Domino
1654 2508 2067 2575 famulantur
2139 2514 2380 2595 gravat
2455 2509 2702 2594 pariter
2777 2514 2844 2574 et

744 2612 1062 2693 offendit3
1107 2618 1177 2678 et
1220 2612 1364 2699 ipso
1424 2612 1767 2678 laborante
1811 2610 2143 2697 quiescere
2204 2632 2325 2677 nec
2369 2610 2678 2675 volumus
2722 2632 2843 2677 nec

744 2714 1074 2781 debemus.
1169 2716 1343 2796 Quia
1402 2736 1555 2802 ergo
1601 2714 1798 2779 semel
1861 2713 2049 2800 coepi,
2094 2713 2327 2799 loquar
2371 2713 2458 2777 ad
2491 2714 2842 2779 'dominum

704 2860 719 2875 .
744 2838 986 2895 meum,
1046 2840 1197 2883 cum
1262 2818 1387 2883 sim
1454 2816 1681 2906 pulvis
1726 2821 1795 2881 et
1859 2816 2038 2881 cinis.
2135 2806 2529 2896 Meminerit,
2579 2815 2846 2903 quaeSO,4

743 2925 934 3005 pater
983 2921 1419 2998 sanctissime,
1464 2919 1822 3006 prudentia
1882 2917 2149 2985 vestra⁵
2207 2920 2383 3004 quod
2429 2925 2656 2985 sancta
2700 2919 2842 2984 ani-

744 3021 945 3086 malia
1013 3023 1233 3089 oculos
1294 3028 1451 3088 ante
1517 3027 1585 3087 et
1652 3027 1829 3088 retro
1893 3021 2206 3087 habentia
2250 3023 2728 3101 describuntur,
2774 3027 2844 3088 et

744 3123 831 3187 ad
876 3123 1352 3212 designandam
1413 3125 1817 3190 munditiam
1877 3125 2285 3201 animalium,
2330 3125 2598 3211 ungulae
2651 3126 2840 3190 fissu-

742 3245 885 3288 ram
908 3237 935 3276 ⁶
992 3225 1329 3312 legislator
1391 3249 1526 3292 non
1588 3227 1820 3305 tacuit,
1885 3231 1968 3291 ut
2011 3227 2082 3290 in
2100 3224 2126 3266 ⁷
2170 3226 2424 3292 lumine
2487 3227 2842 3313 multiplici

743 3329 971 3394 arduae
1046 3329 1463 3395 discretionis
1545 3328 1900 3408 subtilitas,
1977 3334 2046 3394 et
2119 3329 2192 3392 in
2265 3329 2500 3396 fissura
2573 3329 2841 3417 ungulae

741 3431 1010 3496 creditae
1056 3432 1247 3499 nobis
1264 3431 1291 3472 ⁸
1336 3431 1847 3518 dispensationis
1907 3430 2324 3496 moderamen
2377 3433 2840 3499 suavissimum

742 3532 1139 3620 designetur.
1253 3534 1365 3599 Ad
1438 3533 1577 3600 haec
1653 3555 1695 3598 a
1768 3539 1988 3599 mente
2067 3540 2291 3599 vestra
2364 3556 2500 3600 non
2575 3534 2842 3612 excidit,

743 3635 921 3719 quod
970 3636 1087 3700 ubi
1150 3636 1513 3701 multorum
1562 3642 1813 3724 strages
1859 3640 2154 3722 apparet,
2217 3635 2694 3702 detrahendum
2743 3640 2844 3700 est

739 3736 1083 3802 severitati
1143 3736 1215 3802 in
1260 3738 1586 3824 plun'buS,
1664 3743 1733 3803 et
1810 3739 2148 3803 occasione
2172 3735 2198 3774 ⁹
2274 3739 2472 3804 unius
2548 3733 2844 3825 'personae

740 3861 876 3905 non
920 3845 1183 3926 oportet
1243 3845 1455 3906 totam
1518 3841 1786 3905 domum
1842 3840 2115 3905 Domini
2175 3841 2438 3907 concuti
2497 3846 2638 3906 tam
2696 3863 2843 3928 gra-

740 3941 917 4006 viter
946 3947 1015 4007 et
1032 3941 1309 4021 turbari,
1340 3943 1707 4028 praesertim
1738 3939 1950 4008 cum¹⁰
1979 3964 2130 4030 rege
2163 3942 2543 4029 peccante,¹1
2573 3943 2632 4008 si
2663 3944 2839 4008 viam

739 4041 919 4127 pacis
966 4041 1463 4109 Cantuariensis
1532 4048 1914 4131 agnosceret
1933 4041 1982 4081 ¹2
2044 4049 2113 4108 et
2177 4043 2482 4130 diligeret
2526 4045 2842 4131 agnitam,

739 4142 891 4227 plus
935 4144 1291 4210 universali
1316 4143 1368 4184 ¹³
1397 4146 1545 4232 paci
1592 4145 1893 4223 ecclesiae,
1941 4144 2090 4232 plus
2149 4145 2448 4232 propriae,
2495 4167 2614 4232 per
2656 4167 2844 4212 man-

739 4245 1162 4312 suetudinem
1208 4246 1559 4313 discretam
1622 4247 2008 4322 consuleret,
2055 4268 2252 4332 quam
2318 4248 2842 4314 comminationi-

804 4432 821 4466 ¹
858 4432 1193 4500 solitudinem,
1214 4435 1317 4486 V‘.
1904 4433 1925 4472 ⁷
1961 4435 2154 4508 et,¹V*.

802 4511 825 4544 ²
858 4513 1192 4575 Dominio-am,
1213 4514 1308 4564 ins.
1335 4515 1398 4566 Ο.
1903 4513 1926 4544 ⁸
1961 4511 2119 4573 vobis,
2142 4513 2244 4564 V*.

803 4593 826 4626 ⁸
856 4601 914 4644 ut
959 4610 1062 4644 mm
1096 4595 1366 4659 poscimus,
1407 4595 1509 4658 V*,
1552 4595 1619 4658 Ο,
1664 4595 1738 4654 Ζ;
1902 4594 1923 4626 ⁹
1961 4595 2223 4656 occisione,
2247 4595 2312 4647 G.

737 4689 833 4723 non
851 4689 1130 4740 possumus,
1154 4674 1215 4725 L.
1901 4673 1942 4705 ¹⁰
1977 4681 2156 4732 autem,
2179 4673 2289 4724 Liv.

799 4753 822 4784 ⁴
855 4769 999 4817 erqo,
1022 4753 1126 4803 V*.
1902 4751 1940 4784 ¹¹
1973 4761 2186 4816 pacato,
2210 4752 2311 4802 V*.

801 4832 823 4864 ὅ
857 4839 965 4894 tua,
989 4831 1092 4883 V‘.
1901 4831 1941 4864 ¹²
1974 4840 2305 4896 coquosceret‚
2329 4833 2441 4884 Liv.

802 4909 823 4943 e
842 4912 1057 4978 βαΐα,
1081 4910 1197 4964 Liv,
1901 4909 1942 4943 ¹³
1975 4908 2122 4960 vellet
2145 4909 2250 4973 (for
2268 4909 2385 4975 plus
2407 4914 2587 4976 anim),
2611 4914 2710 4964 V*.
