3634 5800
599 849 736 898 ΑΛ).
775 831 994 915 1220]
1482 845 1844 896 srlsroLAE.
2582 838 2711 902 583

687 1032 834 1098 Rex
903 1033 1197 1111 caelestia
1267 1033 1574 1099 dominus
1635 1033 2040 1119 angelorum,
2104 1055 2381 1120 regnum
2445 1037 2711 1122 Angliae
2736 1031 3007 1147 sanation-

599 1135 852 1201 caeteris
896 1135 1096 1202 altius
1147 1137 1390 1203 nostris
1436 1137 1845 1224 temporibus
1904 1137 2279 1216 honoravit,
2324 1143 2396 1204 ct
2440 1138 2709 1226 speciali
2734 1114 2934 1214 {ffmf

597 1237 882 1322 quadam
933 1239 1376 1325 praerogativa
1423 1239 1673 1306 decoris
1695 1239 1718 1277 ¹
1776 1243 2044 1326 gentem
2090 1239 2440 1329 Anglicam
2502 1242 2707 1329 insig-
2730 1230 3021 1348 {3221ssss

594 1338 788 1416 nivit,
836 1339 1012 1418 dum,
1067 1341 1314 1406 mundo
1359 1342 1576 1426 posito
1621 1342 1693 1406 in
1737 1341 2027 1428 maligno
2077 1348 2146 1407 et
2189 1343 2449 1410 malitia
2493 1343 2707 1408 homi·
2728 1366 2884 1429 body.

594 1461 758 1504 num
807 1447 1234 1522 excrescente,
1283 1443 1500 1508 virum
1564 1443 1693 1508 sibi
1738 1443 1977 1508 exinde
2034 1444 2174 1509 sine
2224 1445 2481 1511 macula
2538 1465 2707 1531 prae-

593 1541 811 1628 elegit,
843 1545 960 1628 qui
1000 1563 1134 1610 non
1169 1544 1382 1609 solum
1427 1546 1498 1609 in
1530 1551 1825 1630 tempore
1855 1545 2215 1612 iracundiae
2260 1547 2705 1615 reconciliatio

593 1645 806 1711 factus
859 1651 961 1712 est
1019 1651 1100 1711 ut
1160 1647 1476 1724 sacerdos,
1527 1669 1760 1713 verum
1826 1648 2029 1714 etiam
2086 1649 2173 1714 ad
2226 1649 2493 1716 coeleste
2554 1671 2707 1718 con-

591 1745 850 1810 vivium
895 1746 1224 1814 invitatus
1289 1748 1482 1812 illum
1537 1769 1839 1834 saporare
1887 1751 2135 1814 meruit
2201 1771 2398 1836 quem
2444 1750 2708 1817 biberat

589 1847 914 1914 Dominus
977 1848 1244 1916 calicem
1296 1851 1636 1938 passionis,
1753 1851 1845 1916 Et
1891 1851 2052 1937 quia
2096 1853 2415 1918 inventus
2460 1854 2703 1940 dignus

589 1949 750 2029 De0,
796 1950 1138 2018 coronavit
1201 1973 1352 2018 eum
1414 1952 1625 2040 gloria
1688 1958 1757 2018 et
1815 1953 2079 2033 honore,
2126 1970 2433 2019 coronam
2496 1956 2705 2041 ipsius

587 2053 796 2139 capiti
857 2073 1300 2139 superponens
1361 2055 1442 2120 de
1489 2054 1710 2140 lapide
1765 2055 2073 2140 pretioso,
2120 2060 2201 2119 ut
2261 2057 2354 2122 sic
2398 2076 2573 2121 unus
2618 2078 2703 2122 ex

587 2156 905 2244 Anglicis,
951 2159 1129 2224 inter
1191 2157 1457 2244 angelos
1522 2178 1720 2242 super
1773 2176 1974 2242 opera
2037 2177 2359 2223 manuum
2428 2157 2701 2224 Domini

587 2259 1008 2339 constitutus,
1085 2281 1204 2348 pro
1280 2261 1565 2345 peccatis
1657 2258 2054 2347 populorum
2140 2259 2437 2324 omnium
2514 2260 2703 2328 fieret

587 2361 990 2430 intercessor.
1127 2361 1372 2428 Cantet
1435 2362 1643 2448 igitur
1703 2381 1956 2427 novum
2020 2360 2305 2427 Domino
2368 2363 2700 2428 canticum

584 2462 748 2528 felix
791 2463 1292 2531 cantuariensis
1337 2461 1624 2539 ecclesia,
1670 2463 1859 2547 cujus
1907 2481 2091 2528 aram
2137 2483 2257 2526 suo
2302 2465 2702 2548 purpuravit

583 2565 871 2650 pretioso
916 2566 1238 2652 sanguine
1290 2569 1550 2649 martyr
1593 2561 1898 2628 Thomas
2023 2561 2411 2643 Quinimmo
2457 2565 2699 2631 civitas

584 2667 728 2753 ipsa
779 2673 926 2732 tota
983 2673 1206 2754 potest
1267 2671 1336 2732 et
1391 2664 1597 2730 ‘debet
1663 2666 1735 2729 in
1802 2665 2271 2730 exsultationis
2336 2686 2495 2733 voce
2564 2687 2699 2732 non

583 2769 912 2834 immerito
947 2769 1254 2854 jubilare,
1285 2788 1450 2853 quae,
1485 2787 1708 2832 cruore
1756 2787 1941 2832 roseo
1987 2768 2091 2831 sui
2136 2768 2451 2853 martyris
2482 2769 2697 2833 rubri·

581 2877 745 2951 cata,
792 2871 1069 2960 pulchra
1130 2871 1305 2940 facta
1370 2875 1487 2949 est,
1554 2873 1622 2936 et
1687 2870 2004 2957 apparuit
2070 2870 2377 2957 speciosa.
2496 2870 2694 2939 Unde

581 2976 990 3042 diversarum
1065 2974 1498 3040 multitudine
1562 2974 1883 3060 gentium,
1954 2996 2038 3039 ex
2107 2974 2285 3039 omni
2346 2974 2482 3040 fere
2546 2996 2695 3061 quae

579 3078 705 3141 sub
772 3077 929 3143 caelo
995 3081 1095 3142 est
1140 3077 1425 3153 natione,
1496 3074 1947 3142 celebritatem
2008 3074 2216 3160 ipsius
2284 3094 2695 3162 summopere

578 3186 954 3258 venerante,
989 3180 1338 3265 quondam,
1379 3178 1568 3263 quasi
1615 3177 1790 3244 felici
1822 3179 2167 3265 praesagio,
2200 3198 2393 3242 suum
2424 3178 2695 3245 videtur

579 3303 718 3348 esse
778 3282 1014 3348 sortita
1065 3279 1460 3346 vocabulum
1524 3300 1608 3343 ex
1669 3284 1935 3354 eventu,
1994 3299 2071 3345 ac
2134 3280 2191 3343 si
2255 3280 2517 3346 dicatur
2578 3302 2693 3346 ex-

577 3403 794 3469 presse
843 3383 1210 3451 Cantuaria
1255 3386 1619 3449 cantusare.

665 3486 815 3565 Vos,
863 3488 1152 3571 inquam,
1199 3485 1257 3549 si
1305 3484 1662 3570 diligenter
1705 3484 2060 3549 attenditis
2118 3484 2299 3551 hunc
2357 3484 2692 3562 honorem,

573 3589 940 3677 gratiarum
985 3588 1276 3653 actiones
1321 3585 1620 3651 assiduas
1674 3584 1979 3671 largitori
2026 3584 2348 3652 bonorum
2394 3589 2689 3653 omnium

576 3690 912 3757 exsolvere
978 3688 1252 3771 debetis,
1314 3688 1422 3753 cui
1489 3708 1623 3764 vos,
1673 3707 1758 3752 ex
1826 3687 2143 3772 impensae
2208 3688 2689 3755 benedictionis

571 3794 790 3881 gratia
852 3798 1046 3857 terrae
1108 3792 1368 3867 vestrae,
1414 3808 1799 3874 cognoscere
1862 3788 2141 3873 potestis
2204 3788 2551 3868 debitor-ee,
2609 3796 2692 3857 ut

572 3892 1078 3983 ingratitudinis
1146 3888 1416 3956 evitetis
1484 3888 1748 3967 vitium,
1801 3896 1870 3954 et
1938 3890 2207 3975 possitis
2271 3890 2497 3956 devoti
2562 3890 2688 3957 filii

569 3994 954 4083 nuncupari.
1049 3992 1140 4060 Et
1171 3991 1438 4077 quidem
1483 3990 1665 4056 omni
1703 3995 1995 4077 tempore
2040 4011 2207 4076 puro
2254 3992 2445 4058 corde
2490 3992 2685 4077 bene-

571 4098 784 4165 dicere
875 4116 952 4163 ac
1024 4096 1346 4161 honorare
1423 4091 1785 4159 Dominum
1864 4091 2177 4171 debeatis,
2254 4094 2385 4160 isto
2460 4098 2685 4163 tamen

570 4200 898 4290 praecipue
942 4218 1060 4263 vos
1105 4201 1366 4284 oportet
1411 4200 1631 4261 vestes
1692 4195 1969 4260 induere
2020 4196 2371 4281 nuptiales,
2418 4200 2487 4263 et
2530 4219 2682 4267 cum

559 4302 978 4390 jocunditate
1045 4300 1122 4364 in
1188 4296 1416 4364 laudes
1485 4300 1708 4362 vestro
1775 4316 2116 4384 assurgere
2186 4299 2481 4379 creatori,
2507 4322 2680 4368 ,cum

566 4409 868 4471 venturae
899 4400 1285 4468 festivitatis
1319 4397 1696 4465 solemnitas
1726 4398 1798 4462 id
1830 4405 2153 4486 exposcat.
2248 4399 2451 4467 Sane²
2480 4424 2676 4470 vene-

566 4506 764 4574 rabili
791 4507 1000 4572 fratre
1026 4508 1250 4570 nostro
1293 4502 1632 4589 Stephano
1663 4500 2129 4569 cantuariensi
2170 4503 2672 4594 archiepiscopo,

633 4760 650 4795 ¹
686 4760 900 4823 decoris,
921 4760 1006 4821 V;
1043 4774 1145 4811 om.
1170 4758 1233 4821 L,
1255 4758 1328 4813 G.
1559 4756 1572 4825 1
1665 4756 1688 4789 ²
1719 4772 1774 4820 a,
1795 4755 1890 4808 ins.
1914 4756 2079 4833 L,G;
2115 4772 2217 4809 om.
2240 4756 2310 4809 V.
