3634 5800
630 909 761 960 ΑΛ).
798 889 1021 977 1169]
1503 902 1858 952 mussona,
2611 881 2734 950 171

635 1093 978 1180 episcopus
1045 1095 1113 1158 et
1176 1093 1299 1172 sui,
1346 1091 1563 1177 quoad
1624 1091 1938 1166 vixerint,
1987 1090 2176 1155 vobis
2236 1092 2305 1154 et
2363 1087 2738 1153 haeredibus

636 1195 877 1260 vestris
924 1193 1249 1259 fideliores
1294 1200 1364 1258 et
1420 1193 1793 1258 devotiores
1843 1191 2131 1256 debeant
2174 1210 2568 1276 permanere.
2667 1189 2740 1257 Si

637 1303 861 1362 autem
924 1317 1029 1360 me
1097 1295 1205 1360 vel
1289 1295 1415 1360 hac
1477 1295 1621 1360 vice
1690 1293 2039 1358 nolueritis
2099 1291 2348 1368 audire,
2399 1312 2544 1356 sera
2615 1289 2743 1354 erit

639 1398 1078 1485 poenitentia5
1132 1417 1253 1463 nec
1316 1396 1555 1463 dicatis
1618 1395 1897 1462 ulterius
1921 1479 1925 1483 Ι
1952 1394 2140 1459 vobis
2194 1393 2372 1478 quod
2438 1391 2745 1456 imminet

636 1521 772 1566 non
832 1500 1033 1566 fuisse
1082 1499 1490 1585 praedictum.
2300 1497 2304 1501 ’

1572 1871 1813 1938 D01x.
1909 1829 1918 1839 ’

722 2021 1011 2087 THOMAS
1059 2022 1625 2088 CANTUARIENSIS
1670 2036 2252 2086 ARCHIEPISCOPUS
2299 2020 2682 2085 GRATIANO.

892 2174 986 2236 (A.
1011 2173 1135 2234 22⁷5
1173 2173 1234 2224 O.
1261 2172 1310 2223 ii.
1336 2178 1433 2223 230
1450 2195 1463 2234 ;
1502 2174 1559 2223 Z.
1582 2173 1655 2224 iii.
1682 2177 1775 2234 643
1811 2172 1942 2236 'Lup.
1965 2171 2033 2222 iii.
2064 2177 2162 2232 643
2195 2171 2380 2222 Thom.
2404 2174 2513 2234 38.)

736 2303 1099 2389 Impiorum
1178 2302 1519 2368 molimina
1586 2303 1820 2390 gratiae
1886 2302 2040 2367 filiis
2109 2302 2181 2366 in
2243 2302 2441 2366 finem
2510 2322 2743 2368 nocere
2775 2324 2954 2386 Henry
2977 2324 3080 2372 ancl

646 2427 780 2471 non
824 2408 1141 2490 possunt3
1203 2405 1361 2488 quia
1405 2403 1587 2470 Deus
1648 2425 1756 2468 eos
1816 2426 2018 2490 supra
2063 2404 2238 2468 vires
2303 2405 2550 2469 tentari
2613 2425 2749 2469 non
2775 2388 2980 2440 Vivian.

647 2509 917 2594 patitur,
964 2507 1051 2570 ad
1096 2505 1452 2571 electorum
1497 2505 1861 2570 utilitatem
1907 2511 2144 2570 cuncta
2189 2505 2498 2592 dirigenS,
2543 2511 2612 2570 et
2657 2506 2738 2570 de

647 2607 861 2694 singul
872 2607 925 2671 is
970 2606 1320 2672 eventibus
1365 2629 1583 2670 rerum
1628 2607 1994 2692 profectum
2041 2605 2435 2672 mirabiliter
2479 2607 2743 2673 eliciens

648 2710 1021 2796 gloriosum.
1113 2707 1204 2773 Et
1233 2708 1499 2793 quidem
1532 2708 1729 2773 fidem
1762 2713 2048 2773 vestram
2089 2708 2380 2794 respexit
2409 2709 2753 2784 Dominus,

650 2813 763 2896 qui
812 2833 1059 2876 moram
1105 2810 1403 2896 magistri
1437 2810 1726 2886 Viviani,
1758 2815 1827 2874 et
1873 2809 2187 2895 quicquid
2232 2815 2386 2896 post
2429 2831 2751 2875 recessum

651 2920 943 2979 vestrum
968 2913 1197 3000 'gessit
1237 2913 1309 2977 in
1338 2912 1635 2989 Francia,
1667 2912 2000 2979 convertit
2041 2913 2113 2975 in
2141 2912 2418 2999 gloriam
2464 2913 2752 2978 nominis
2793 2897 2800 2903 ⁸

651 3017 873 3091 vestri,
924 3036 1037 3080 vos
1100 3016 1173 3078 in
1237 3014 1451 3079 Deum
1517 3014 1925 3079 constituens
1990 3013 2333 3080 Pharaoni.
2457 3001 2570 3078 Ex'
2623 3036 2754 3101 quo

652 3120 827 3184 enim
876 3120 1183 3183 dominus
1244 3140 1362 3183 rex
1407 3118 1775 3204 Anglorum
1839 3118 2151 3203 cognovit
2197 3119 2372 3203 quod
2435 3140 2585 3184 cum
2640 3120 2750 3183 do-

654 3224 834 3286 mino
898 3221 1278 3297 Senonensi,
1333 3220 1520 3305 cujus
1581 3220 1796 3285 zelum
1855 3220 2054 3284 timet
2120 3242 2322 3306 supra
2353 3244 2550 3306 quam
2619 3222 2751 3287 dici

652 3324 875 3409 possit,
936 3323 1023 3387 ad
1080 3322 1329 3387 curiam
1348 3320 1373 3359 ¹
1449 3321 1976 3399 revertebamini,
2039 3326 2110 3386 et
2179 3344 2300 3387 nos
2319 3320 2344 3359 ²
2410 3328 2749 3409 promptos

656 3424 1137 3490 animadvertit
1200 3423 1285 3487 ad
1346 3422 1686 3507 justitiam
1750 3426 2206 3501 exercendam,
2258 3423 2434 3490 illico
2499 3446 2616 3511 per
2679 3447 2748 3489 se

656 3532 727 3591 et
772 3546 893 3611 per
944 3546 1099 3590 suos
1160 3522 1512 3613 praefatum
1560 3522 1922 3590 vivianum
1969 3526 2321 3592 sollicitare
2368 3527 2630 3593 studuit
2677 3531 2753 3591 ut

658 3628 943 3707 rediret3
1002 3626 1399 3711 promittens
1452 3647 1521 3709 se
1567 3625 1653 3690 ad
1713 3625 2028 3693 honorem
2089 3628 2215 3693 Dei
2278 3632 2347 3692 et
2392 3627 2756 3693 utilitatem

658 3730 941 3795 ecclesiae
988 3750 1105 3815 per
1135 3748 1285 3793 eum
1326 3748 1551 3813 pacem
1593 3749 1733 3793 esse
1762 3728 2116 3808 facturum,
2148 3730 2206 3795 si
2235 3730 2347 3794 ille
2379 3734 2760 3815 procuraret

550 3890 555 3893 .
661 3838 739 3896 ut
783 3853 931 3897 cum
987 3852 1064 3895 eo
1110 3828 1509 3915 colloquium
1570 3828 1978 3896 haberemus.
2102 3831 2383 3898 Dicebat
2450 3833 2626 3896 enim
2689 3854 2758 3896 se

661 3933 829 3999 hanc
874 3932 972 3997 illi
1018 3931 1192 3997 velle
1238 3931 1595 4017 rependere
1620 3928 1647 3969 ³
1673 3932 1980 4017 gratiam,
2028 3954 2104 3997 eo
2149 3933 2326 4019 quod
2355 3934 2756 4019 morigerum

661 4039 953 4100 senserat
997 4032 1143 4109 sibi,
1190 4054 1341 4097 cum
1386 4038 1611 4097 tamen
1672 4034 1883 4119 magis
1944 4034 2246 4099 absentia
2290 4041 2514 4099 vestra
2559 4056 2757 4120 quam

662 4136 1015 4223 praesentia
1058 4135 1201 4220 ejus
1256 4134 1489 4220 gratiae
1553 4132 1679 4198 Dei
1742 4142 2218 4221 cooperaretur,
2264 4142 2333 4201 et
2379 4142 2759 4222 perurgeret

662 4239 747 4305 ad
794 4260 1035 4324 pacem.
1126 4236 1210 4299 In
1257 4257 1371 4321 spe
1416 4257 1573 4321 ergo
1618 4236 1814 4322 pacis,
1862 4238 2035 4303 sicut
2079 4238 2340 4323 plenius
2394 4238 2761 4303 innotescet

662 4362 748 4407 ex
791 4340 1033 4403 litteris
1080 4338 1441 4403 vocationis
1486 4344 1749 4415 nostrae,
1778 4341 2168 4405 accessimus
2213 4342 2298 4405 ad
2345 4340 2762 4426 colloquium,

729 4568 745 4599 ¹
781 4582 813 4616 a
850 4566 1015 4624 curia,
1049 4566 1120 4625 A,
1158 4566 1222 4624 O,
1245 4566 1315 4623 Z;
1350 4562 1421 4613 ad
1456 4566 1666 4628 curiam,
1709 4581 1711 4583 ’
1822 4566 1844 4597 ²
1878 4582 1982 4625 vos,
2006 4568 2092 4623 A;
2129 4582 2234 4628 nos,
2259 4568 2319 4619 L.

666 4648 728 4698 L.
799 4646 892 4708 (In
930 4645 1019 4694 the
1058 4651 1182 4694 next
1224 4644 1370 4694 letter
1410 4658 1483 4692 we
1528 4645 1666 4703 read,
1823 4644 1848 4677 ³
1881 4646 2171 4708 impendere,
2197 4649 2256 4697 L.

663 4730 695 4755 ‘⁶
733 4726 1007 4776 Dominum
1054 4722 1399 4774 Senonensem
1446 4730 1496 4773 et
1539 4722 1669 4775 Grae-
1712 4782 1717 4803 Ι

666 4810 695 4837 “
730 4804 925 4856 tianum
949 4802 1019 4854 ad
1040 4802 1231 4853 curiam
1256 4798 1583 4867 proficisci.’')
