3634 5800
916 932 997 991 36
1781 945 2138 993 aprs‘rmAE.
2624 931 2781 1013 [Am.
2820 928 3012 995 1169.

907 1134 1098 1217 gerit,
1146 1132 1313 1197 illud
1375 1131 1625 1199 abscidi
1685 1131 1884 1215 jubet
1947 1130 2275 1197 Dominus
2340 1137 2409 1197 et
2470 1132 2747 1219 projici.l
2840 1132 3011 1199 Cum

908 1254 1062 1319 ergo
1106 1234 1328 1303 nobile
1373 1233 1744 1301 membrum
1791 1232 2187 1301 universalis
2234 1234 2541 1313 ecclesiae,
2586 1236 2801 1321 prima
2863 1235 3011 1303 Bri-

907 1336 1288 1403 tanniamm
1333 1336 1518 1403 sedes
1563 1340 1634 1401 et
1678 1334 1835 1401 fidei
1896 1340 2110 1404 mater
2176 1336 2249 1401 in
2317 1336 2670 1415 occidente,
2719 1336 3010 1407 Cantua-

907 1438 1140 1506 riensis
1215 1438 1504 1515 ecclesia,
1578 1437 1943 1523 plurimum
2018 1438 2333 1523 patiatur,
2402 1445 2473 1505 et
2540 1440 2795 1507 diutius
2864 1440 3007 1525 jam

903 1563 1098 1627 passa
1141 1543 1247 1617 sit,
1294 1562 1370 1609 eo
1415 1542 1592 1627 quod
1637 1540 1760 1607 filii
1807 1540 1967 1624 ejus,
2011 1541 2391 1627 parricidali
2436 1542 2675 1611 scelere
2722 1541 3006 1628 publicae

903 1642 1252 1728 potestatis
1297 1642 1553 1709 viribus
1598 1643 1949 1727 abutentes
1994 1642 2067 1709 in
2110 1644 2324 1729 ipsam
2370 1644 2701 1721 irruerint,
2746 1665 3006 1713 necesse

904 1751 1007 1811 est
1051 1750 1131 1811 ut
1173 1746 1659 1831 compatiamur
1703 1748 1774 1811 et
1819 1766 1957 1821 nos,
2002 1750 2075 1811 et
2118 1765 2269 1811 cum
2314 1746 2460 1832 ipsa
2504 1751 2576 1815 et
2634 1768 2752 1832 pro
2812 1747 2959 1833 ipsa
2981 1745 3007 1785 Β

902 1868 1310 1915 recurramus
1355 1847 1440 1915 ad
1489 1846 2031 1934 Dispensatorem
2092 1846 2343 1926 salutis,
2391 1848 2478 1913 ad
2541 1847 2875 1914 Pastorem
2938 1854 3006 1913 et

905 1950 1300 2035 Episcopum
1330 1949 1704 2017 animarum
1733 1952 2127 2015 nostrarum.
2220 1947 2353 2016 Sed
2400 1948 2560 2035 quia
2606 1970 2741 2015 non
2790 1948 3005 2026 facile,

901 2052 1030 2117 nisi
1099 2074 1296 2119 causa
1361 2051 1781 2139 praecognita,
1828 2055 2101 2119 curatur
2168 2050 2542 2129 infirmitas,
2588 2058 2884 2139 purgate,
2946 2053 3002 2117 si

904 2154 1134 2239 placet,
1195 2174 1477 2229 causam,
1543 2159 1612 2218 et
1673 2152 2050 2237 Anglicana
2124 2150 2413 2230 ecclesia,
2477 2153 2619 2221 Deo
2693 2154 3001 2241 propitia

901 2254 1091 2321 facile
1134 2255 1559 2321 convalescet.
1653 2254 1744 2319 Et
1788 2253 2057 2339 quidem
2123 2274 2321 2322 causa
2383 2276 2519 2339 prae
2582 2254 2787 2324 oculis
2856 2254 3002 2334 est,3

905 2379 1054 2423 cum
1129 2356 1242 2423 ille
1335 2356 1832 2433 Londoniensis,
1908 2376 2125 2441 quem,
2202 2356 2257 2420 si
2348 2356 2679 2425 reminisci
2764 2358 3001 2443 placet,

909 2458 1204 2535 801101ιί5,
1253 2480 1402 2525 cum
1421 2458 1448 2497 ⁴
1514 2458 1688 2545 regis
1755 2459 1861 2525 sui
1926 2457 2326 2543 legationem
2390 2464 2663 2545 gereret,
2709 2459 2997 2527 furorem

897 2568 1120 2625 mente
1173 2565 1562 2645 conceptum
1607 2559 1829 2623 verbis
1852 2558 1877 2596 ⁵
1920 2564 2182 2623 constat
2226 2559 2573 2643 aperuisse,
2628 2581 2807 2627 nunc
2850 2582 2996 2647 per-

897 2664 1405 2727 niciosissimum
1471 2662 1758 2728 ecclesiae
1823 2659 1995 2725 Dei6
2060 2662 2225 2726 totis
2267 2660 2524 2725 viribus
2592 2670 2663 2727 et
2724 2684 2995 2749 operum

897 2765 1276 2830 testimonio
1353 2764 1684 2849 exprimat
1757 2762 2094 2826 furiosum.
2219 2762 2287 2826 Is
2354 2763 2531 2827 enim
2600 2772 2700 2828 est
2764 2771 2997 2831 auctor

891 2868 1188 2932 scissurae
1263 2867 1378 2952 huj
1389 2888 1481 2945 us,
1552 2870 1732 2932 sator
1795 2864 2156 2942 discordiae,
2223 2864 2516 2932 scandali
2586 2866 2807 2944 fomeS,
2878 2869 2993 2954 qui

889 2969 1160 3042 bellum,
1231 2970 1405 3054 quod
1483 2990 1634 3033 cum
1710 2964 1899 3032 Deo⁷
1976 2972 2047 3032 et
2118 2967 2605 3053 archiepiscopo
2681 2991 2799 3033 suo
2875 2971 2990 3035 diu
3054 2987 3065 3000 ·

887 3072 1142 3148 habuit,
1189 3092 1367 3136 nunc
1413 3071 1678 3134 demum
1744 3068 2015 3133 retorsit
2060 3069 2131 3130 in
2178 3067 2419 3132 fratres
2462 3075 2534 3133 et
2578 3071 2991 3157 coepiscopos

888 3196 1057 3250 SUOS,
1104 3195 1179 3238 eo
1245 3174 1422 3258 quod
1483 3173 1609 3237 sibi
1672 3171 2263 3246 excommunicato,
2309 3171 2482 3236 sicut
2525 3193 2643 3256 per
2686 3171 2990 3238 officiales

885 3276 1056 3360 regis
1103 3275 1400 3361 urgebat,
1431 3275 1913 3340 communicare
1961 3272 2339 3350 noluerunt,
2388 3277 2457 3338 et
2502 3273 2987 3361 archiepiscopo

884 3399 1002 3440 suo
1095 3378 1385 3442 debitam
1477 3375 1864 3440 subtrahere
1942 3373 2399 3439 obedientiam.
2447 3449 2451 3456 .
2526 3375 2707 3452 Ecce,
2783 3382 2986 3460 pater,

884 3485 1173 3564 quantus
1242 3479 1437 3563 lupus
1505 3477 1825 3542 hactenus
1894 3477 1967 3539 in
2035 3497 2157 3541 ove
2220 3476 2437 3552 latuit,
2500 3497 2697 3560 quam
2774 3479 2987 3542 mani-

883 3582 1090 3644 festus
1159 3579 1558 3644 Antichristi
1633 3577 2097 3664 praeambulus,
2164 3582 2234 3641 et
2298 3598 2512 3665 praeco
2588 3577 2983 3663 iniquitatis,

883 3685 992 3766 qui
1047 3687 1300 3766 patrem
1347 3678 1805 3765 persequitur,⁸
1836 3685 2115 3744 matrem
2147 3678 2386 3763 quaerit
2432 3683 2741 3758 evertere,
2774 3681 2987 3746 mani·-

879 3786 1120 3847 festum
1169 3783 1634 3847 inobedientiae
1679 3782 1946 3857 crimen,
1977 3781 2154 3866 quod
2200 3779 2655 3864 ido[lo]latriae
2700 3786 2769 3846 et
2812 3783 2981 3850 ario-

877 3887 1074 3948 landi·
1129 3884 1408 3970 fiagitio'
1447 3883 1777 3948 conforme
1848 3887 1965 3959 est,
2034 3881 2445 3948 committere
2514 3903 2649 3946 non
2695 3889 2981 3961 veretur,

875 3996 1308 4072 tyrannorum
1356 3986 1724 4050 ministerio
1754 3984 2107 4070 proscribit
2150 3989 2221 4049 et
2265 3983 2536 4070 perimit
2579 3985 2977 4064 innocentes,

871 4111 1098 4176 pacem
1175 4089 1401 4164 nescit,
1479 4094 1548 4152 et
1623 4088 1870 4153 scindit
1942 4086 2230 4152 ecclesiae
2308 4087 2653 4152 unitatem.
2780 4087 2977 4167 Quid,

873 4213 1112 4278 quaes0‚
1180 4191 1364 4256 aliud
1426 4189 1627 4256 faciet
1691 4187 2197 4254 Antichristus?
2309 4187 2551 4252 Nonne
2620 4188 2705 4253 ad
2768 4189 2974 4254 aboli-

935 4465 948 4496 ¹
977 4462 1219 4529 procelli,
1242 4465 1294 4514 A
1314 4484 1328 4523 ;
1353 4463 1546 4512 altered
1562 4468 1616 4512 to
1633 4459 1865 4526 perpelli,
2032 4457 2053 4490 ³
2090 4465 2181 4518 est,
2204 4474 2303 4508 om.
2326 4458 2390 4509 L.

865 4546 942 4604 03
985 4541 1222 4610 propelli,
1267 4542 1324 4604 Z,
1368 4542 1426 4592 L.
1495 4541 1666 4592 There
1709 4541 1750 4590 is
1797 4555 1865 4590 no
2035 4541 2057 4570 ⁴
2088 4553 2211 4598 cunc,
2236 4539 2319 4598 A3
2353 4537 2485 4598 dum,
2510 4539 2568 4596 Z,
2592 4539 2651 4588 L.

863 4624 989 4673 such
1023 4624 1161 4672 word
1199 4637 1256 4670 as
1283 4619 1498 4686 provelli
1531 4619 1583 4668 in
1615 4619 1704 4669 the
1736 4619 1867 4668 Vul-
2033 4616 2053 4648 5
2088 4614 2276 4678 verbis,
2295 4631 2397 4666 om.
2422 4617 2491 4667 L.

863 4710 996 4768 gnte,
1019 4705 1118 4752 and
1144 4703 1332 4765 projici
1365 4701 1459 4749 has
1492 4701 1623 4750 been
1652 4700 1868 4763 adopted
2033 4695 2055 4728 ⁶
2089 4693 2310 4746 ecclesia·
2334 4697 2459 4758 Dei,
2482 4713 2583 4747 0111.
2604 4699 2667 4749 L.

861 4783 995 4830 from
1017 4779 1202 4829 Matth.
1227 4795 1276 4828 v,
1301 4784 1383 4828 30.
2034 4775 2055 4814 7
2089 4776 2279 4826 domino
2295 4783 2319 4826 ,9

927 4861 948 4892 ²
982 4867 1030 4906 et
1051 4875 1150 4924 pro
1172 4860 1304 4923 ipsa,
1331 4858 1397 4915 A,
1421 4855 1493 4914 23
1527 4871 1629 4906 om.
1654 4854 1714 4904 L.
2033 4856 2054 4886 ⁸
2092 4863 2158 4916 εἰ,
2180 4856 2276 4907 ins.
2300 4857 2357 4907 1..
