3634 5800
624 854 752 904 An.
790 833 1012 923 1170]
1490 841 1854 902 'Ems'romss
2608 843 2737 906 253

624 1058 773 1122 quae
818 1038 1105 1103 solidata
1148 1038 1425 1104 caritate
1469 1039 1801 1124 repletur;
1847 1043 1916 1104 et
1952 1060 2100 1123 quae
2130 1061 2350 1104 rerum
2394 1038 2740 1104 levitatem

623 1138 911 1223 praefert,
1002 1145 1072 1204 et
1181 1140 1357 1206 fictae
1465 1140 1837 1206 dilectionis
1927 1141 2314 1206 umbratiles
2406 1145 2701 1206 ostentat
2718 1139 2744 1180 ¹

623 1239 963 1326 imagines
1028 1241 1375 1328 suspendit
1418 1241 1493 1305 in
1556 1263 1763 1307 auras,
1860 1243 2280 1308 Perseverate
2326 1264 2479 1328 ergo
2525 1244 2598 1307 in
2667 1265 2742 1309 eo

627 1341 803 1426 quod
872 1340 1157 1408 fideliter
1223 1343 1581 1428 incepistiS,
1650 1348 1720 1408 et
1786 1343 2210 1409 devotionem
2287 1366 2484 1429 quam
2563 1347 2741 1430 patri

627 1447 848 1508 vestro
894 1443 1168 1517 debetis,
1218 1449 1287 1508 et
1332 1444 1619 1509 ecclesiae
1688 1443 2021 1509 laboranti
2079 1445 2399 1510 continua
2443 1447 2742 1510 caritatis

630 1546 1046 1611 exhibitione
1111 1547 1419 1632 quotiens
1477 1547 1689 1611 fuerit
1753 1556 2202 1634 opportunum
2261 1549 2548 1634 proferte
2571 1550 2597 1588 2
2671 1551 2743 1615 in

626 1648 885 1726 lucem3
950 1654 1027 1713 ut
1110 1656 1249 1714 tam
1313 1671 1354 1713 a
1414 1649 1558 1715 Deo
1620 1671 1817 1734 quam
1879 1653 1968 1716 ab
2028 1652 2173 1737 ipso
2253 1651 2741 1738 archiepiscopo

626 1750 815 1814 vobis
860 1751 935 1814 in
978 1749 1417 1815 retributione
1484 1751 1671 1815 uberi
1688 1748 1715 1788 3
1760 1752 2239 1837 respondeatur
2281 1774 2401 1838 pro
2467 1743 2738 1818 meritis.

626 1850 821 1929 Quod
869 1852 1008 1916 Deo
1056 1852 1463 1937 propitiante
1493 1851 1801 1916 futurum
1847 1857 2151 1938 speratur
2196 1853 2267 1916 in
2313 1853 2534 1931 brevi:
2583 1855 2742 1940 quia

623 1974 759 2017 non
804 1954 1095 2018 creditur
1139 1954 1317 2038 apud
1363 1974 1484 2017 nos
1531 1954 1708 2038 quod
1774 1975 1910 2038 pax
1975 1955 2262 2019 eeclesiae
2308 1955 2424 2018 diu
2488 1954 2739 2019 differri

624 2055 848 2139 possit.
942 2055 1074 2120 Sed
1119 2061 1188 2118 et
1234 2055 1401 2118 hanc
1443 2055 1531 2119 ad
1575 2055 1890 2119 honorem
1937 2053 2065 2119 Dei
2110 2061 2179 2120 et
2224 2055 2512 2121 eeclesiae
2559 2057 2738 2120 utili-

624 2159 833 2219 tatem
898 2156 1188 2220 creditur
1249 2161 1739 2240 proventuram,
1785 2177 1922 2220 non
1970 2156 2075 2241 (ut
2138 2157 2408 2242 quidam
2472 2159 2740 2223 mentiti

624 2258 813 2340 sunt)
844 2258 915 2320 in
946 2256 1398 2322 confusionem
1431 2257 1683 2321 domini
1717 2256 2219 2323 Cantuariensis
2250 2264 2318 2323 et
2363 2280 2588 2324 eorum
2621 2261 2739 2346 qui

624 2380 742 2444 pro
778 2358 1051 2443 justitia
1095 2359 1529 2424 decreverunt
1552 2358 1578 2396 4
1606 2380 1866 2444 ponere,
1912 2360 1968 2423 si
2017 2382 2180 2445 opus
2209 2360 2436 2438 fuerit,
2481 2361 2736 2426 animas

624 2482 793 2526 suas,
885 2461 1028 2525 Nec
1074 2460 1353 2526 doleatis
1398 2461 1456 2525 si
1501 2459 2052 2546 Rothomagensis
2095 2461 2623 2548 archiepiscopus
2669 2468 2739 2528 et

598 2563 968 2649 ‘episcopus
1014 2563 1077 2626 N
1087 2564 1453 2628 ivernensis
1498 2564 1571 2626 in
1616 2562 1930 2648 Aug-liam
1963 2565 2270 2628 venerint
2299 2588 2315 2644 ;
2361 2586 2526 2649 quos
2562 2565 2736 2630 sicut

625 2686 745 2750 pro
791 2664 1061 2730 ecelesia
1120 2664 1501 2750 plurimum,
1561 2664 1662 2728 ita
1721 2669 1954 2729 contra
2014 2686 2160 2729 eam
2211 2665 2320 2730 vel
2391 2665 2737 2730 dominum

628 2765 1173 2831 Cantuariensem
1202 2771 1323 2831 aut
1352 2788 1506 2830 suos
1551 2765 1724 2829 nihil
1768 2767 2038 2831 omnino
2080 2787 2267 2853 posse
2299 2767 2735 2832 certissimum

625 2875 741 2934 est.
837 2869 969 2935 Sed
1032 2890 1155 2933 nec
1200 2890 1309 2934 eos
1356 2868 1526 2934 velle
1572 2890 1805 2934 nocere
1853 2869 2219 2935 credimus:
2287 2869 2451 2955 quin
2514 2872 2736 2956 potius

624 2972 803 3056 quod
848 2972 935 3035 ad
962 2970 1307 3034 honestam
1336 2992 1566 3056 pacem
1597 2976 1665 3034 et
1710 2971 1944 3035 utilem
1976 2972 2137 3035 totis
2183 2972 2437 3036 viribus
2478 2973 2737 3040 labora-

622 3071 811 3137 bunt.
904 3071 1090 3136 Haec
1111 3070 1135 3107 ⁵
1180 3070 1411 3156 scripsi
1456 3094 1541 3135 ne
1582 3072 1809 3135 nuntii
1855 3073 2064 3136 vestri
2129 3072 2358 3137 videar
2403 3079 2737 3161 contemp·

622 3173 779 3237 sisse
870 3188 1254 3249 sermonem,
1346 3173 1463 3258 qui
1552 3174 1637 3237 ad
1730 3174 2120 3259 obsequium
2211 3180 2528 3254 vestrum,
2617 3178 2734 3242 ubi

620 3274 899 3341 facultas
944 3274 1227 3351 affuerit,
1272 3296 1418 3338 sum
1463 3280 1735 3361 paratus
1781 3275 1854 3340 in
1901 3276 2201 3341 Domino,
2296 3276 2545 3345 Valete.

1493 3693 1860 3759 DCXLVI.

719 3848 1159 3915 ALuxANDRo
1207 3862 1401 3911 PAPAE
1446 3847 1739 3911 Tnoms
1785 3845 2349 3911 CANTUARmNffls
2395 3862 2640 3911 Anem-

1484 3964 1864 4013 EPISCOPUS.

922 4099 1017 4161 (A.
1042 4101 1135 4157 343
1172 4098 1236 4148 O.
1257 4097 1309 4149 ii.
1334 4103 1397 4149 28
1420 4118 1433 4156 3
1470 4097 1525 4147 Z.
1550 4098 1603 4149 ii.
1626 4103 1685 4148 41
1714 4119 1727 4158 ς
1762 4100 1896 4161 Lup.
1919 4096 1972 4147 ii.
1997 4102 2062 4147 35
2085 4118 2098 4158 ;
2133 4097 2312 4149 Thom.
2339 4100 2414 4159 8.)

707 4228 1187 4293 Amantissimo
1234 4227 1501 4293 domino
1548 4232 1617 4292 et
1647 4228 1824 4313 patri
1870 4227 2286 4293 sanctissimo
2333 4227 2734 4304 Alexandm,

619 4330 748 4394 Dei
791 4331 1009 4415 gratia
1052 4350 1312 4395 summo
1366 4330 1685 4415 pontifici,
1730 4330 2018 4395 Thomas
2078 4329 2332 4395 miserae
2380 4329 2732 4396 Cantuari-

687 4552 703 4583 ¹
736 4558 971 4613 ostentat,
996 4553 1057 4613 Z,
1077 4553 1156 4612 113
1181 4550 1476 4617 pretendit,
1500 4552 1563 4603 G.
1789 4551 1811 4584 ⁴
1845 4550 2123 4612 decrevere,
2147 4550 2219 4601 L.

683 4631 707 4664 ²
731 4633 983 4695 proferre,
1004 4632 1075 4681 V.
1496 4638 1502 4643 '
1791 4630 1812 4662 ὅ
1847 4628 1985 4690 Ηοσ,
2011 4630 2074 4681 G.

683 4708 706 4743 ⁸
740 4709 899 4770 verbi,
924 4710 991 4761 G.
