3634 5800
625 2069 886 2135 Explana-

622 2138 732 2187 tion
757 2137 820 2185 of

623 2204 773 2268 delay
795 2202 847 2252 in

623 2271 900 2336 reporting.

623 3514 850 3581 Meetiug

623 3582 747 3632 with

626 3651 822 3713 Hem-y.

960 860 1046 933 78
1826 878 2181 947 amsi-omn.
2668 866 2829 951 [An.
2870 868 3056 933 1169.

1849 1214 2169 1282 DLXIII.

1451 1366 1897 1432 ALEXANDRO
1944 1382 2137 1431 PAPAE
2182 1365 2577 1434 V1vmms¹

967 1518 1223 1579 (A.1se;
1259 1518 1324 1570 o.
1349 1516 1401 1569 ii.
1425 1522 1526 1579 353
1563 1520 1616 1569 z.
1645 1516 1838 1578 iiiam
1886 1517 2231 1583 Lup.iii.27;
2278 1494 2457 1571 Thon.
2482 1524 2611 1579 3603
2658 1518 3059 1583 adonicam.)

1049 1651 1440 1717 Beatissimo
1502 1652 1678 1736 patri
1740 1657 1810 1716 et
1878 1650 2146 1717 domino
2208 1650 2611 1729 Alexandm,
2657 1650 2786 1716 Dei
2846 1653 3065 1735 gratia

960 1754 1355 1820 universalis
1429 1753 1715 1819 ecclesiae
1790 1774 2048 1819 summo
2124 1752 2442 1839 pontifici,
2506 1752 2850 1831 vivianus,
2918 1754 3062 1840 ejus

961 1858 1337 1924 sanctitatis
1425 1877 1655 1921 servus
1746 1854 2229 1933 devotissimus,
2306 1855 2548 1922 debitae
2638 1855 3062 1942 subjectionis

961 1958 1365 2044 obsequium.

1052 2060 1246 2143 Quod
1309 2065 1558 2125 statum
1627 2064 1929 2124 nostrum
1996 2060 2261 2144 pariter,
2308 2064 2377 2123 et
2439 2080 2577 2125 esse
2644 2059 2897 2145 negotii
2942 2079 3063 2147 pro

961 2186 1090 2250 quo
1136 2164 1222 2230 ad
1268 2162 1594 2227 illustrem
1624 2182 1844 2246 regem
1875 2160 2138 2247 Angliae
2180 2160 2498 2225 destinati
2528 2182 2774 2238 sumus,
2804 2162 3060 2226 tamdiu

959 2266 1361 2332 beatitudini
1407 2269 1646 2329 vestrae
1691 2263 2065 2348 significare
2112 2262 2513 2342 distulimus,
2546 2283 2681 2328 non
2725 2263 3063 2329 dissolutae

959 2369 1398 2455 negligentiae,
1444 2388 1592 2452 quae
1659 2366 1873 2451 culpae
1941 2363 2463 2443 annumeratur-,2
2506 2365 2621 2431 sed
2686 2366 3061 2431 necessitati

959 2476 1027 2537 et
1073 2470 1383 2557 qualitati
1415 2491 1627 2535 causae
1647 2466 1672 2505 ³
1715 2467 2222 2533 adscribendum
2254 2468 2615 2533 certissime
2658 2467 2795 2533 fore
2824 2469 3064 2533 sciatis.

961 2572 1124 2638 Erat
1156 2573 1331 2637 enim
1383 2593 1535 2639 cum
1583 2570 1876 2636 exercitu
1924 2570 1996 2633 in
2040 2570 2311 2634 remotis
2358 2569 2699 2635 Gasconiae
2744 2570 3063 2656 partibus,

959 2687 1029 2740 et
1089 2674 1249 2739 illuc
1315 2674 1562 2759 absque
1625 2673 1919 2737 maximo
1984 2671 2361 2737 discrimine
2430 2673 2829 2749 nullatenus
2875 2694 3059 2739 sanc-

960 2777 1211 2843 tissime
1257 2782 1464 2862 pater,
1513 2781 1889 2862 poteramus
1934 2774 2260 2851 accedere,
2305 2795 2425 2839 nec
2471 2772 2605 2840 fuit
2664 2774 2746 2839 de
2794 2773 3059 2840 consilio

961 2878 1507 2946 Christianissimi
1555 2877 1727 2965 regis
1775 2876 2196 2954 Francorum,
2242 2875 2350 2943 cui
2396 2877 2575 2964 apud
2606 2876 3058 2944 Silviniaeum

960 2983 1400 3058 obviavimus,
1473 2981 1736 3046 litteras
1826 2979 1953 3044 sibi
2033 2984 2303 3058 vestras,
2381 2999 2547 3065 quas
2636 2979 3056 3046 devotissime

961 3085 1223 3171 recepit,
1269 3087 1833 3170 repraesentantes
1923 3080 2183 3146 Deinde
2230 3080 2531 3160 Senonis,
2577 3082 2751 3169 regis
2795 3083 3057 3170 Angliae

961 3188 1248 3252 reditum
1312 3188 1786 3272 exspectantes,
1833 3183 2323 3248 declinavimus,
2419 3182 2569 3263 Qui,
2614 3205 2763 3249 cum
2810 3183 3058 3270 longio-

961 3311 1099 3353 rem
1147 3308 1345 3374 quam
1387 3285 1891 3353 ,credideramus
1912 3284 1939 3324 ⁴
1982 3305 2235 3350 moram
2283 3285 2355 3348 in
2401 3283 2727 3351 Gasconia
2788 3283 3053 3366 fecerat,

959 3391 1228 3457 tandem
1272 3389 1490 3466 rediit,
1535 3393 1605 3452 et
1667 3387 1752 3452 ad
1817 3387 1961 3473 ejus
2026 3386 2445 3472 praesentiam
2507 3385 2899 3453 festinanter
2918 3389 2944 3427 ⁶
2986 3388 3057 3452 in

959 3491 1373 3557 Normannia
1415 3489 1817 3556 secessimus.
1911 3487 1974 3551 A
1998 3508 2136 3572 quo
2180 3492 2250 3553 et
2294 3487 2703 3574 principibus
2733 3489 2870 3554 suis
2898 3490 3061 3555 satis

960 3595 1232 3662 honeste
1293 3592 1540 3678 recepti
1597 3591 1869 3668 fuimus,
1916 3590 1988 3654 in
2048 3590 2336 3656 crastino
2396 3590 2655 3656 litteras
2700 3591 2762 3657 ei
2808 3597 3058 3658 vestras

959 3697 1364 3762 exhibentes
1482 3693 1661 3774 Quas
1736 3713 1887 3758 cum
1955 3690 2238 3778 legisset,
2313 3692 2528 3758 multa
2600 3693 2675 3758 in
2748 3695 3016 3760 exordio
3034 3693 3065 3731 ⁰

959 3797 1276 3866 orationis
1323 3817 1458 3861 suae
1522 3799 1756 3861 contra
1825 3793 2171 3858 dominum
2235 3792 2786 3860 Cantuariensem
2850 3796 3059 3874 nobis,

959 3901 1132 3966 sicut
1207 3898 1364 3964 olim
1441 3896 1726 3963 dominis
1816 3895 2062 3961 nostris
2154 3895 2619 3974 cardinalibus
2699 3900 3057 3984 proposuit.

961 4001 1093 4068 Sed
1153 4000 1311 4086 quia
1370 4002 1448 4062 ut
1508 4017 1659 4062 eum
1719 3995 1791 4059 in
1850 4015 2139 4061 amorem
2184 4000 2255 4060 et
2298 3995 2582 4082 gratiam
2628 4001 2834 4074 suam,
2880 3999 3061 4063 omni

959 4121 1226 4168 rancore
1302 4097 1614 4184 deposito,
1680 4095 1754 4160 in
1815 4095 2264 4162 remissionem
2324 4102 2737 4182 peccatorum
2792 4119 3057 4164 suorum

1024 4333 1043 4367 ¹
1079 4334 1142 4383 In
1165 4332 1220 4382 A
1242 4329 1343 4381 this
1378 4331 1526 4380 letter
1567 4328 1609 4378 is
1645 4327 1872 4379 ascribed
1906 4335 1959 4378 to
2122 4327 2145 4361 ²
2176 4337 2589 4390 annumerantur,
2608 4329 2679 4380 V.

939 4401 1189 4463 william
1211 4409 1272 4459 of
1285 4407 1465 4468 Pavia,
1489 4423 1545 4458 as
1567 4408 1613 4457 if
1628 4407 1668 4457 it
1692 4407 1885 4458 related
1907 4414 1961 4457 to
2126 4403 2148 4437 ⁸
2178 4421 2362 4466 cansoe,
2386 4423 2485 4458 om.
2512 4411 2563 4460 V
2583 4428 2597 4468 ς
2631 4426 2751 4471 esse,
2777 4411 2843 4461 L.

962 4491 1052 4540 the
1073 4489 1184 4539 first
1208 4486 1533 4539 commission
1564 4485 1645 4536 for
1667 4484 1959 4536 reconcilia-
2125 4485 2144 4516 ⁴
2177 4483 2551 4546 crediderimus,
2576 4489 2633 4538 Z.

961 4568 1087 4618 tion.
1157 4568 1260 4617 For
1294 4566 1381 4617 the
1415 4579 1562 4614 name
1596 4565 1658 4613 of
1683 4562 1877 4613 Vivian
1908 4562 1962 4612 in
2123 4562 2143 4594 ὅ
2162 4562 2491 4628 festinantes,
2514 4565 2576 4615 L.

967 4647 1056 4697 the
1098 4648 1331 4712 greeting
1366 4642 1480 4693 that
1524 4641 1637 4694 MS.
1684 4642 1778 4691 has
1826 4641 1961 4702 Wi.;
2124 4643 2146 4677 ⁶
2179 4647 2467 4706 crastinum,
2490 4646 2558 4695 A.

964 4726 1068 4774 and
1090 4722 1192 4774 this
1223 4737 1343 4788 may
1365 4723 1496 4772 have
1530 4723 1612 4772 led
1646 4726 1700 4772 to
1737 4720 1822 4771 the
1845 4719 1965 4770 mis·

967 4804 1100 4855 take.
