3634 5800
569 1807 677 1858 The
697 1809 803 1858 late

570 1873 867 1925 coronation

568 1939 613 1989 is
636 1947 724 1990 not
746 1949 800 1990 to

565 2005 731 2070 injure
753 2006 841 2056 the

564 2070 729 2137 rights
750 2073 807 2122 of

570 2137 782 2188 Canter-

566 2205 713 2268 bury.

910 917 1043 981 351·
1782 931 2144 981 musrom.
2611 915 2785 1004 [Am.
2822 911 3020 989 1170,

1786 1255 2151 1323 DOXOVI.

994 1409 1147 1474 Ami
1156 1423 1442 1474 nunus
1502 1423 1680 1476 PAPA
1748 1406 2024 1474 Tuomu
2093 1405 2626 1476 Omrmmsnm
2674 1424 2922 1476 Anem-

1792 1525 2133 1576 nmscoro.

1144 1661 1241 1724 (A.
1269 1665 1393 1722 1693
1429 1661 1492 1714 Ο.
1514 1623 1568 1713 ii.
1594 1665 1688 1712 281
1712 1681 1727 1722 ς
1762 1661 1819 1711 Ζ.
1845 1677 1892 1711 v.
1917 1665 1982 1712 34
2004 1683 2019 1722 3
2053 1661 2186 1725 Lup.
2209 1675 2260 1712 v.
2287 1663 2389 1722 843
2423 1661 2608 1712 Thom.
2631 1663 2778 1724 228.)

993 1785 1283 1855 Virtutis
1328 1795 1397 1856 et
1440 1790 1595 1856 fidei
1627 1789 2085 1867 constantiam,
2117 1795 2186 1856 et
2229 1789 2648 1856 fortitudinis
2691 1790 3007 1868 animum,

906 1912 1101 1976 quem
1146 1912 1269 1977 pro
1313 1891 1622 1958 libertate
1690 1891 1978 1959 eeclesiae
2040 1897 2177 1958 tuae
2222 1893 2674 1959 conservanda
2713 1892 3008 1958 induisse

906 1992 1321 2080 dignosceriS,
1366 1994 1726 2060 studiosius
1772 1994 2213 2072 attendentes,
2255 1995 2404 2072 tibi,
2451 1999 2772 2080 tanquam
2815 1993 3007 2068 fratri

902 2093 1255 2172 carissimo,
1285 2115 1483 2180 super
1510 2095 1614 2160 his
1644 2115 1793 2180 quae
1821 2094 1910 2160 ad
1939 2095 2506 2161 conservationem
2525 2094 2550 2134 ¹
2595 2099 2666 2161 et
2693 2116 3009 2182 augmen-

901 2199 1050 2260 tum
1082 2195 1367 2262 eeclesias
1396 2199 1533 2262 tuae
1564 2201 1858 2282 spectare
1903 2201 2286 2274 noscuntur,
2318 2196 2558 2262 libenti
2601 2197 2824 2262 animo
2855 2217 3010 2262 eon-

902 2296 1125 2361 silium
1158 2301 1227 2362 et
1255 2296 1581 2363 auxilium
1628 2299 2112 2386 impendimus3
2155 2303 2228 2364 et
2271 2302 2502 2364 eontra
2545 2319 2655 2363 eos
2699 2297 2815 2384 qui
2849 2297 3010 2384 jura

902 2404 973 2462 et
1018 2398 1379 2485 dignitates
1394 2397 1421 2436 ²
1480 2399 1781 2486 ejusdem
1825 2399 2113 2466 eeelesiae
2158 2399 2550 2465 imminuere
2594 2399 2706 2464 vel
2748 2404 3005 2485 pertur-

900 2497 1059 2565 bare
1088 2499 1416 2577 nituntur,
1446 2500 1825 2586 apostolieae
1869 2499 2178 2567 tuitionis
2199 2497 2226 2539 ³
2270 2499 2652 2586 praesidium
2699 2499 3005 2586 diligenti

900 2601 1123 2667 studio
1164 2602 1471 2667 volumus
1515 2602 1907 2668 ministrare.
1999 2601 2400 2668 Audivimus
2443 2607 2684 2680 autem,
2714 2606 2784 2667 et
2827 2607 3006 2668 certa

899 2703 1219 2770 relatione
1264 2705 1717 2790 comperimus,
1763 2704 1939 2789 quod
1987 2702 2418 2770 Eboraeensis
2463 2703 3004 2789 arehiepiscopuS‚

899 2809 1129 2870 contra.
1172 2804 1683 2890 prohibitionem
1748 2811 1820 2870 et
1862 2804 2290 2870 interdictum
2349 2809 2668 2882 nostrum,
2714 2803 3003 2871 Henrieo

896 2906 1034 2972 filio
1078 2905 1360 2971 illustris
1376 2905 1405 2945 ⁴
1464 2893 1859 2995 Anglorum.
1897 2908 2070 2994 regis
2133 2909 2208 2972 in
2273 2907 2615 2993 provincia
2659 2910 2780 2972 tua
2823 2928 3002 2973 eoro-

894 3028 1053 3074 nam
1126 3008 1456 3095 imposuit.
1554 3009 1729 3090 Quia
1790 3030 1950 3075 vero
2017 3031 2104 3074 ex
2165 3010 2290 3075 hoe
2350 3009 2490 3095 juri
2551 3013 2623 3074 et
2687 3008 3004 3095 dignitati

894 3110 1182 3179 eoelesiae
1211 3114 1347 3175 tuae
1375 3112 1807 3179 immoderate
1853 3112 2086 3177 asseris
2117 3116 2186 3177 et
2217 3112 2571 3177 enormiter
2599 3110 3000 3197 derogatum,

893 3234 1031 3289 nos,
1076 3213 1150 3276 in
1194 3212 1318 3281 hae
1362 3218 1549 3301 parte
1595 3217 1736 3279 tam
1802 3212 1932 3278 tibi
2001 3233 2200 3298 quam
2268 3211 2482 3277 eidem
2527 3211 2818 3278 eoelesiae
2849 3232 3004 3299 pro-

893 3313 1119 3379 videre
1146 3316 1463 3395 volentes,
1495 3314 1898 3382 auctoritate
1944 3314 2308 3401 apostolica
2349 3312 2707 3379 statuimus
2739 3318 2818 3379 ut
2860 3313 2999 3379 fae-

893 3420 1040 3479 tum
1107 3416 1407 3502 praedieti
1470 3416 1941 3502 archiepiscopi
2009 3415 2199 3481 vobis
2261 3414 2448 3481 nulla
2513 3414 2768 3481 ratione
2835 3438 3001 3502 prae-

882 3514 1213 3601 judicium
1290 3518 1501 3603 possit
1573 3517 2007 3604 imposterum
2081 3538 2414 3604 generare,
2459 3518 2816 3603 quominus
2880 3516 2996 3603 jus

892 3618 1332 3685 coronationis
1379 3624 1450 3685 et
1516 3619 1927 3686 inunctionis
1973 3639 2204 3705 regum
2249 3617 2514 3704 Angliae
2559 3618 2997 3703 possessiom-

888 3719 1043 3786 liter
1086 3720 1405 3796 habeatis,
1451 3720 1502 3787 si
1510 3727 1626 3787 cut
1682 3725 2122 3787 antecessores
2169 3720 2270 3785 tui
2341 3724 2411 3785 et
2456 3720 2684 3785 eadem
2729 3718 2997 3787 ecelesia

890 3842 931 3887 a
976 3823 1417 3910 quadraginta
1460 3824 1653 3889 annis
1698 3827 1874 3889 retro
1919 3822 2227 3888 habuisse
2272 3826 2648 3888 noscuntur.

958 4052 975 4085 ¹
1012 4052 1360 4114 servatium,
1410 4052 1497 4112 A3
1556 4052 1892 4103 comervaa'o-
2057 4050 2079 4084 ⁸
2114 4051 2415 4111 intuitionis,
2439 4050 2516 4109 03
2551 4065 2678 4101 cort.
2701 4050 2770 4103 A.

888 4146 1014 4190 uem,
1034 4130 1094 4193 Z,
1118 4131 1183 4180 L.
2057 4130 2079 4162 ⁴
2115 4129 2325 4191 illustri,
2349 4128 2395 4181 Ο
2417 4151 2431 4193 5
2469 4144 2600 4179 corr.
2624 4131 2692 4180 A.

954 4210 976 4242 ²
1009 4208 1302 4273 diynitates,
1344 4209 1427 4269 A;
1479 4207 1791 4274 diqnitatem,
1833 4210 1890 4269 Z,

888 4288 949 4338 L.
