3634 5800
690 895 822 946 ΑΛ).
859 875 1081 964 1170]
1562 887 1918 938 nmsrom.
2666 869 2790 936 261

696 1095 943 1143 errasse
996 1077 1340 1162 judicium,
1394 1081 1463 1140 et
1522 1075 1817 1158 antiquae
1878 1070 2176 1136 caritatis
2235 1069 2544 1134 excludat
2603 1067 2795 1132 affec·

700 1183 863 1241 tum.
956 1177 1135 1242 Nam
1180 1183 1259 1242 ut
1302 1177 1409 1262 pie
1454 1175 1744 1240 creditur
1788 1195 1831 1238 a
1873 1171 2200 1245 fidelibus,
2248 1170 2360 1234 ille
2421 1168 2680 1234 felicius
2725 1168 2800 1230 in

701 1281 843 1344 Deo
907 1301 1107 1364 quam
1167 1279 1239 1342 in
1283 1278 1509 1342 liberis
1554 1277 1745 1350 vivit,
1792 1282 1862 1339 et
1930 1273 2242 1338 studiosis
2307 1270 2614 1354 operibus
2681 1272 2801 1332 aut

700 1381 991 1466 reprobis
1036 1379 1318 1466 gratiam
1363 1381 1505 1464 ejus
1552 1375 1904 1464 promereri
1950 1373 2226 1460 potestis
2270 1377 2390 1437 aut
2435 1369 2769 1435 demereri.

1646 1762 1840 1827 DCL.

810 1913 1103 1978 Tnoms
1150 1913 1713 1980 CANTUARIENSIS
1758 1927 2350 1976 Anomnrlscorus
2397 1910 2724 1976 Hmuuoo

1324 2014 1813 2079 Wm'rommsffl
1869 2029 2204 2078 muscoro,

928 2165 1025 2226 (A.
1050 2169 1182 2225 2593
1220 2164 1284 2215 Ο.
1309 2163 1359 2213 ii.
1386 2169 1481 2213 239
1504 2185 1517 2224 ς
1556 2165 1608 2213 Ζ.
1638 2163 1703 2212 iv.
1729 2168 1827 2221 523
1875 2163 2004 2226 Lup.
2029 2163 2096 2212 iv.
2120 2167 2214 2224 453
2260 2163 2438 2213 Thom.
2469 2167 2606 2224 160.)

802 2293 903 2356 Ut
946 2293 1202 2378 aliquid
1246 2292 1459 2357 simile
1504 2293 1850 2376 loquamur
1895 2291 2206 2377 apostolo,
2253 2293 2504 2378 gratias
2550 2293 2809 2378 agimus
2835 2308 2944 2356 The

716 2394 857 2459 Deo
904 2397 1019 2480 qui
1081 2395 1344 2460 odorem
1405 2395 1664 2459 notitiae
1742 2415 1879 2458 suae
1941 2415 2060 2479 per
2112 2415 2230 2457 vos
2291 2393 2676 2459 manifestat
2739 2396 2813 2457 in

2836 2371 3059 2449 bisbop's

2838 2444 3115 2488 resistance

718 2497 897 2559 omni
959 2495 1119 2574 loco,
1182 2495 1517 2580 quoniam,
1592 2495 1762 2560 sicut
1829 2494 2007 2560 fama
2053 2495 2372 2580 vulgante
2447 2495 2812 2571 didicimus,
2841 2513 2892 2554 to
2917 2506 3018 2554 late

718 2598 881 2661 fides
934 2603 1158 2662 vestra
1218 2600 1288 2660 in
1350 2596 1629 2661 articulo
1691 2596 2108 2681 tempestatis
2169 2596 2372 2681 hujus
2436 2597 2702 2674 enituit,
2748 2602 2817 2662 et

720 2699 959 2764 caritas
1002 2698 1454 2763 abundantius
1498 2697 1764 2773 effulsit,
1796 2698 1869 2761 in
1899 2698 2205 2762 columna
2233 2699 2508 2763 virtutis
2556 2705 2818 2764 ostensa

724 2805 792 2864 et
838 2799 1141 2864 exhibita
1182 2800 1583 2864 auctoritate
1628 2798 1978 2884 pontificis.
2075 2799 2252 2864 Nam
2283 2801 2601 2866 adversus
2645 2800 2819 2864 filios

727 2899 1113 2967 diffidentiae
1150 2902 1354 2985 (viros
1385 2901 1616 2979 Belial,
1636 2902 1721 2965 ·in
1766 2902 2007 2985 quibus
2055 2899 2385 2967 Sathanas
2429 2904 2820 2989 mysterium

725 3002 1101 3088 iniquitatis
1164 3003 1501 3088 patentius
1576 3004 1911 3087 operatur)
1980 3024 2128 3068 cum
2205 3025 2416 3088 nuper
2489 3005 2826 3070 ecclesiam

728 3103 1020 3167 scindere
1074 3102 1455 3179 voluissent,
1502 3107 1571 3166 et
1630 3103 1910 3167 extortis
1964 3103 2358 3187 juramentis
2417 3110 2829 3171 attentarent

728 3202 1123 3269 obedientiae
1186 3210 1256 3269 et
1316 3204 1474 3267 fidei
1520 3203 1840 3267 virtutem
1905 3204 2341 3290 exstinguere,
2391 3226 2505 3269 vos
2570 3228 2655 3269 ex
2713 3206 2828 3271 ad-

728 3328 917 3371 verso
947 3306 1417 3372 adscendentes
1462 3306 1863 3390 opposuistis
1909 3328 2173 3371 murum
2220 3329 2339 3392 pro
2371 3308 2564 3373 domo
2608 3307 2830 3383 Israel,

730 3415 800 3472 et
860 3408 1199 3473 audaciam
1264 3429 1489 3472 eorum
1554 3408 1954 3492 repressistis
2017 3410 2090 3472 in
2155 3410 2396 3495 spiritu
2460 3416 2528 3475 et
2581 3411 2832 3475 virtute

733 3508 965 3584 Heliae,
1011 3513 1082 3571 et
1124 3508 1321 3573 corda
1365 3528 1591 3572 eorum
1638 3507 1753 3591 qui
1814 3509 2154 3593 pavebant
2198 3510 2271 3572 in
2316 3509 2487 3574 clero
2531 3510 2834 3587 viriliter,

732 3614 812 3672 ut
857 3610 1168 3694 oportuit,
1201 3607 1523 3683 erexistiS‚
1556 3612 1634 3672 ut
1678 3608 1892 3672 Deum
1944 3609 2321 3673 hominibus
2368 3610 2835 3695 praetimerent,

736 3714 804 3773 et
848 3709 1133 3795 vestigia
1176 3714 1443 3794 patrum
1503 3713 1936 3793 sequerentur
1981 3710 2052 3773 in
2099 3709 2385 3775 Christo,
2477 3712 2602 3776 Ille
2647 3711 2834 3777 vobis

736 3812 808 3873 in
853 3808 959 3873 his
1003 3810 1109 3894 adj
1119 3815 1269 3875 utor
1298 3809 1517 3875 astitit
1563 3810 1677 3894 qui
1724 3811 2280 3894 perseverantiam
2327 3816 2613 3877 vestram
2659 3835 2836 3879 coro-

739 3909 929 3973 nabit
980 3910 1051 3973 in
1097 3910 1274 3985 cae10,
1320 3914 1388 3974 et
1433 3909 1542 3975 hic
1601 3910 1671 3973 in
1718 3910 1906 3974 brevi
1968 3910 2434 3989 consolabitur,
2481 3912 2834 3998 subjiciens

737 4032 845 4076 eos
890 4011 1167 4096 pedibus
1197 4012 1437 4083 vestris
1469 4010 1581 4094 qui
1613 4010 1928 4075 adversus
1974 4010 2352 4088 Dominum,
2400 4012 2480 4077 de
2522 4014 2840 4098 permissa
2895 4016 2906 4027 ⁰

737 4112 865 4176 sibi
910 4116 1367 4176 momentanea
1397 4111 1747 4196 potestatis
1792 4110 2228 4196 indulgentia,
2275 4111 2600 4178 fallaciter
2640 4114 2837 4200 glori-

739 4218 953 4277 antur.
1078 4211 1267 4277 State
1312 4232 1466 4297 ergo
1527 4212 1600 4275 in
1644 4233 1721 4277 eo
1767 4210 1946 4295 quod
1993 4212 2300 4297 coepistiS,
2348 4217 2417 4276 et
2461 4235 2658 4298 quam
2695 4216 2838 4300 jam

738 4314 1191 4399 promeruistis
1216 4313 1239 4350 ¹
1280 4334 1585 4378 coronam
1615 4312 1771 4376 fidei
1802 4313 2289 4377 intermissione
2319 4314 2528 4379 nolite
2557 4316 2838 4400 rejicere,

742 4413 984 4497 quibus
1052 4412 1337 4478 anchora
1414 4434 1533 4497 per
1596 4412 1877 4497 gratiam
1950 4412 2077 4477 Dei
2141 4413 2419 4478 firmiter
2481 4414 2692 4480 haeret
2767 4416 2840 4478 in

742 4518 939 4599 portu
984 4513 1448 4579 consolationis
1494 4519 1562 4578 et
1608 4514 1801 4598 pacis.
1899 4513 2264 4591 Providete‚
2297 4536 2380 4579 ne
2411 4536 2528 4579 vos
2574 4516 2840 4580 interim

1537 4730 1553 4761 ¹
1586 4730 1926 4795 promeruisti,
1953 4730 2022 4780 A.

2841 2582 3112 2620 measure&
