<?xml version="1.0" encoding="UTF-8"?>
<!DOCTYPE html PUBLIC "-//W3C//DTD XHTML 1.0 Transitional//EN"
    "http://www.w3.org/TR/xhtml1/DTD/xhtml1-transitional.dtd">
<html xmlns="http://www.w3.org/1999/xhtml" xml:lang="en" lang="en">
 <head>
  <title>
</title>
<meta http-equiv="Content-Type" content="text/html;charset=utf-8" />
  <meta name='ocr-system' content='tesseract 3.04.00' />
  <meta name='ocr-capabilities' content='ocr_page ocr_carea ocr_par ocr_line ocrx_word'/>
</head>
<body>
  <div class='ocr_page' id='page_1' title='image "./materialsforhis00herbgoog_0476.png"; bbox 0 0 3634 5800; ppageno 0'>
   <div class='ocr_carea' id='block_1_1' title="bbox 640 877 2744 965">
    <p class='ocr_par' dir='ltr' id='par_1_1' title="bbox 640 877 2744 965">
     <span class='ocr_line' id='line_1_1' title="bbox 640 877 2744 965; baseline 0 -20"><span class='ocrx_word' id='word_1_1' title='bbox 640 894 771 947; x_wconf 72' lang='lat' dir='ltr'>An.</span> <span class='ocrx_word' id='word_1_2' title='bbox 808 877 1033 965; x_wconf 62' lang='lat'>1171]</span> <span class='ocrx_word' id='word_1_3' title='bbox 1514 894 1874 945; x_wconf 70' lang='lat' dir='ltr'>smerom.</span> <span class='ocrx_word' id='word_1_4' title='bbox 2619 880 2744 945; x_wconf 81' lang='lat'>451</span> 
     </span>
    </p>
   </div>
   <div class='ocr_carea' id='block_1_2' title="bbox 611 1078 3075 4631">
    <p class='ocr_par' dir='ltr' id='par_1_2' title="bbox 638 1078 2748 1166">
     <span class='ocr_line' id='line_1_2' title="bbox 638 1078 2748 1166; baseline 0 -26"><span class='ocrx_word' id='word_1_5' title='bbox 638 1078 895 1144; x_wconf 86' lang='lat' dir='ltr'>sceleris</span> <span class='ocrx_word' id='word_1_6' title='bbox 938 1100 1289 1166; x_wconf 82' lang='lat' dir='ltr'><strong>arguemur</strong></span> <span class='ocrx_word' id='word_1_7' title='bbox 1330 1100 1373 1145; x_wconf 89' lang='lat' dir='ltr'>a</span> <span class='ocrx_word' id='word_1_8' title='bbox 1416 1078 1559 1144; x_wconf 90' lang='lat' dir='ltr'>Deo</span> <span class='ocrx_word' id='word_1_9' title='bbox 1624 1081 2050 1163; x_wconf 66' lang='lat' dir='ltr'>nuncupante</span> <span class='ocrx_word' id='word_1_10' title='bbox 2110 1097 2231 1143; x_wconf 87' lang='lat' dir='ltr'>nos</span> <span class='ocrx_word' id='word_1_11' title='bbox 2294 1098 2486 1143; x_wconf 87' lang='lat' dir='ltr'>canes</span> <span class='ocrx_word' id='word_1_12' title='bbox 2528 1081 2748 1141; x_wconf 71' lang='lat' dir='ltr'>mutos</span> 
     </span>
    </p>

    <p class='ocr_par' dir='ltr' id='par_1_3' title="bbox 628 1177 3075 1977">
     <span class='ocr_line' id='line_1_3' title="bbox 634 1177 2744 1265; baseline -0 -23"><span class='ocrx_word' id='word_1_13' title='bbox 634 1197 773 1243; x_wconf 91' lang='lat' dir='ltr'>non</span> <span class='ocrx_word' id='word_1_14' title='bbox 820 1180 1117 1247; x_wconf 70' lang='lat' dir='ltr'>valentes</span> <span class='ocrx_word' id='word_1_15' title='bbox 1168 1180 1430 1257; x_wconf 77' lang='lat' dir='ltr'>latrare,</span> <span class='ocrx_word' id='word_1_16' title='bbox 1464 1178 1820 1265; x_wconf 86' lang='lat' dir='ltr'>suspendio</span> <span class='ocrx_word' id='word_1_17' title='bbox 1867 1177 2102 1263; x_wconf 81' lang='lat' dir='ltr'>dignos</span> <span class='ocrx_word' id='word_1_18' title='bbox 2131 1177 2239 1263; x_wconf 90' lang='lat' dir='ltr'>adj</span> <span class='ocrx_word' id='word_1_19' title='bbox 2247 1178 2544 1244; x_wconf 72' lang='lat' dir='ltr'>udicabit</span> <span class='ocrx_word' id='word_1_20' title='bbox 2594 1197 2744 1243; x_wconf 87' lang='lat' dir='ltr'>cum</span> 
     </span>
     <span class='ocr_line' id='line_1_4' title="bbox 636 1277 2742 1368; baseline -0.001 -23"><span class='ocrx_word' id='word_1_21' title='bbox 636 1281 909 1349; x_wconf 83' lang='lat' dir='ltr'>canibus</span> <span class='ocrx_word' id='word_1_22' title='bbox 973 1281 1353 1368; x_wconf 69' lang='lat' dir='ltr'>capitolinae</span> <span class='ocrx_word' id='word_1_23' title='bbox 1399 1280 1565 1347; x_wconf 87' lang='lat' dir='ltr'>arcis</span> <span class='ocrx_word' id='word_1_24' title='bbox 1614 1280 2018 1346; x_wconf 67' lang='lat' dir='ltr'>custodibuS.</span> <span class='ocrx_word' id='word_1_25' title='bbox 2088 1279 2426 1358; x_wconf 79' lang='lat' dir='ltr'>Quidnam</span> <span class='ocrx_word' id='word_1_26' title='bbox 2471 1282 2574 1343; x_wconf 72' lang='lat' dir='ltr'>est</span> <span class='ocrx_word' id='word_1_27' title='bbox 2616 1277 2742 1343; x_wconf 93' lang='lat' dir='ltr'>hoc</span> 
     </span>
     <span class='ocr_line' id='line_1_5' title="bbox 635 1381 2744 1470; baseline 0 -25"><span class='ocrx_word' id='word_1_28' title='bbox 635 1382 915 1449; x_wconf 85' lang='lat' dir='ltr'>verbum</span> <span class='ocrx_word' id='word_1_29' title='bbox 983 1384 1162 1470; x_wconf 87' lang='lat' dir='ltr'>quod</span> <span class='ocrx_word' id='word_1_30' title='bbox 1232 1383 1486 1449; x_wconf 73' lang='lat' dir='ltr'>dictum</span> <span class='ocrx_word' id='word_1_31' title='bbox 1556 1389 1659 1449; x_wconf 72' lang='lat' dir='ltr'>est</span> <span class='ocrx_word' id='word_1_32' title='bbox 1720 1382 2124 1469; x_wconf 80' lang='lat' dir='ltr'>pauperibus</span> <span class='ocrx_word' id='word_1_33' title='bbox 2186 1381 2744 1446; x_wconf 69' lang='lat' dir='ltr'>Grandimonben-</span> 
     </span>
     <span class='ocr_line' id='line_1_6' title="bbox 634 1481 3075 1569; baseline 0.002 -22"><span class='ocrx_word' id='word_1_34' title='bbox 634 1482 863 1550; x_wconf 70' lang='lat' dir='ltr'>sibus?</span> <span class='ocrx_word' id='word_1_35' title='bbox 955 1484 1297 1566; x_wconf 82' lang='lat' dir='ltr'>Quomodo</span> <span class='ocrx_word' id='word_1_36' title='bbox 1366 1485 1699 1551; x_wconf 65' lang='lat' dir='ltr'>evanuit?</span> <span class='ocrx_word' id='word_1_37' title='bbox 1789 1482 2192 1549; x_wconf 84' lang='lat' dir='ltr'>Promiseras</span> <span class='ocrx_word' id='word_1_38' title='bbox 2236 1482 2416 1569; x_wconf 77' lang='lat' dir='ltr'>patri</span> <span class='ocrx_word' id='word_1_39' title='bbox 2463 1481 2742 1561; x_wconf 87' lang='lat' dir='ltr'>Simoni,</span> <span class='ocrx_word' id='word_1_40' title='bbox 2767 1500 2880 1551; x_wconf 81' lang='lat' dir='ltr'>The</span> <span class='ocrx_word' id='word_1_41' title='bbox 2901 1501 3075 1569; x_wconf 79' lang='lat' dir='ltr'>king’s</span> 
     </span>
     <span class='ocr_line' id='line_1_7' title="bbox 629 1579 3062 1684; baseline 0 -36"><span class='ocrx_word' id='word_1_42' title='bbox 629 1582 912 1651; x_wconf 71' lang='lat' dir='ltr'>fmtrum</span> <span class='ocrx_word' id='word_1_43' title='bbox 960 1586 1527 1653; x_wconf 72' lang='lat' dir='ltr'>Carthusiensium</span> <span class='ocrx_word' id='word_1_44' title='bbox 1588 1585 1791 1671; x_wconf 85' lang='lat' dir='ltr'>priori</span> <span class='ocrx_word' id='word_1_45' title='bbox 1860 1586 1943 1651; x_wconf 90' lang='lat' dir='ltr'>de</span> <span class='ocrx_word' id='word_1_46' title='bbox 1989 1585 2392 1662; x_wconf 75' lang='lat' dir='ltr'>Monte-Dei,</span> <span class='ocrx_word' id='word_1_47' title='bbox 2440 1588 2509 1651; x_wconf 72' lang='lat' dir='ltr'>et</span> <span class='ocrx_word' id='word_1_48' title='bbox 2553 1584 2740 1663; x_wconf 89' lang='lat' dir='ltr'>mihi,</span> <span class='ocrx_word' id='word_1_49' title='bbox 2764 1567 3062 1684; x_wconf 50' lang='grc' dir='ltr'>ᾗᾝξῗίω</span> 
     </span>
     <span class='ocr_line' id='line_1_8' title="bbox 630 1686 3075 1773; baseline 0.003 -24"><span class='ocrx_word' id='word_1_50' title='bbox 630 1687 807 1770; x_wconf 93' lang='lat' dir='ltr'>quod</span> <span class='ocrx_word' id='word_1_51' title='bbox 851 1693 1121 1773; x_wconf 74' lang='lat' dir='ltr'>paratus</span> <span class='ocrx_word' id='word_1_52' title='bbox 1165 1710 1309 1755; x_wconf 78' lang='lat' dir='ltr'>eras</span> <span class='ocrx_word' id='word_1_53' title='bbox 1377 1687 1716 1753; x_wconf 83' lang='lat' dir='ltr'>dominum</span> <span class='ocrx_word' id='word_1_54' title='bbox 1778 1688 2098 1753; x_wconf 86' lang='lat' dir='ltr'>Thomam</span> <span class='ocrx_word' id='word_1_55' title='bbox 2163 1686 2541 1754; x_wconf 74' lang='lat' dir='ltr'>Cantuariae</span> <span class='ocrx_word' id='word_1_56' title='bbox 2605 1686 2742 1773; x_wconf 90' lang='lat' dir='ltr'>epi·</span> <span class='ocrx_word' id='word_1_57' title='bbox 2763 1702 2867 1751; x_wconf 77' lang='lat' dir='ltr'>and</span> <span class='ocrx_word' id='word_1_58' title='bbox 2883 1700 3075 1758; x_wconf 83' lang='lat' dir='ltr'>Simon.</span> 
     </span>
     <span class='ocr_line' id='line_1_9' title="bbox 630 1789 2736 1877; baseline 0 -22"><span class='ocrx_word' id='word_1_59' title='bbox 630 1808 897 1873; x_wconf 80' lang='lat' dir='ltr'>scopum</span> <span class='ocrx_word' id='word_1_60' title='bbox 991 1811 1233 1877; x_wconf 89' lang='lat' dir='ltr'>ponere</span> <span class='ocrx_word' id='word_1_61' title='bbox 1309 1790 1670 1857; x_wconf 88' lang='lat' dir='ltr'>secundum</span> <span class='ocrx_word' id='word_1_62' title='bbox 1742 1789 1817 1854; x_wconf 91' lang='lat' dir='ltr'>in</span> <span class='ocrx_word' id='word_1_63' title='bbox 1892 1810 2092 1877; x_wconf 87' lang='lat' dir='ltr'>regno</span> <span class='ocrx_word' id='word_1_64' title='bbox 2169 1794 2304 1867; x_wconf 74' lang='lat' dir='ltr'>tue,</span> <span class='ocrx_word' id='word_1_65' title='bbox 2381 1789 2736 1856; x_wconf 90' lang='lat' dir='ltr'>dummodo</span> 
     </span>
     <span class='ocr_line' id='line_1_10' title="bbox 628 1889 2732 1977; baseline 0.002 -23"><span class='ocrx_word' id='word_1_66' title='bbox 628 1890 910 1975; x_wconf 84' lang='lat' dir='ltr'>speciem</span> <span class='ocrx_word' id='word_1_67' title='bbox 954 1891 1355 1958; x_wconf 62' lang='lat' dir='ltr'>humilitassis</span> <span class='ocrx_word' id='word_1_68' title='bbox 1419 1912 1639 1959; x_wconf 88' lang='lat' dir='ltr'>coram</span> <span class='ocrx_word' id='word_1_69' title='bbox 1702 1891 1945 1977; x_wconf 92' lang='lat' dir='ltr'>populo</span> <span class='ocrx_word' id='word_1_70' title='bbox 2005 1896 2125 1955; x_wconf 73' lang='lat' dir='ltr'>tuo</span> <span class='ocrx_word' id='word_1_71' title='bbox 2169 1889 2295 1955; x_wconf 75' lang='lat' dir='ltr'>tibi</span> <span class='ocrx_word' id='word_1_72' title='bbox 2341 1892 2732 1958; x_wconf 74' lang='lat' dir='ltr'>ostenderet..</span> 
     </span>
    </p>

    <p class='ocr_par' dir='ltr' id='par_1_4' title="bbox 627 1990 3036 2287">
     <span class='ocr_line' id='line_1_11' title="bbox 631 1990 3036 2080; baseline 0 -26"><span class='ocrx_word' id='word_1_73' title='bbox 631 1990 817 2056; x_wconf 73' lang='lat' dir='ltr'>Fecit</span> <span class='ocrx_word' id='word_1_74' title='bbox 858 1994 1104 2059; x_wconf 72' lang='lat' dir='ltr'>centies</span> <span class='ocrx_word' id='word_1_75' title='bbox 1169 1995 1349 2079; x_wconf 82' lang='lat' dir='ltr'>quod</span> <span class='ocrx_word' id='word_1_76' title='bbox 1414 1992 1787 2080; x_wconf 72' lang='lat' dir='ltr'>postulasti,</span> <span class='ocrx_word' id='word_1_77' title='bbox 1850 1998 1919 2059; x_wconf 75' lang='lat' dir='ltr'>et</span> <span class='ocrx_word' id='word_1_78' title='bbox 1995 1992 2108 2058; x_wconf 88' lang='lat' dir='ltr'>ille</span> <span class='ocrx_word' id='word_1_79' title='bbox 2161 1992 2344 2079; x_wconf 68' lang='lat' dir='ltr'>jacet</span> <span class='ocrx_word' id='word_1_80' title='bbox 2404 1994 2479 2058; x_wconf 92' lang='lat' dir='ltr'>in</span> <span class='ocrx_word' id='word_1_81' title='bbox 2541 1995 2732 2060; x_wconf 87' lang='lat' dir='ltr'>corde</span> <span class='ocrx_word' id='word_1_82' title='bbox 2757 2003 2868 2079; x_wconf 62' lang='lat' dir='ltr'>&#39;lfhe</span> <span class='ocrx_word' id='word_1_83' title='bbox 2889 2006 3036 2055; x_wconf 75' lang='lat' dir='ltr'>aroh-</span> 
     </span>
     <span class='ocr_line' id='line_1_12' title="bbox 628 2069 2986 2187; baseline 0.003 -31"><span class='ocrx_word' id='word_1_84' title='bbox 628 2095 837 2158; x_wconf 75' lang='lat' dir='ltr'>terrae.</span> <span class='ocrx_word' id='word_1_85' title='bbox 931 2095 1170 2161; x_wconf 89' lang='lat' dir='ltr'>Vocem</span> <span class='ocrx_word' id='word_1_86' title='bbox 1216 2095 1559 2183; x_wconf 80' lang='lat' dir='ltr'>sanguinis</span> <span class='ocrx_word' id='word_1_87' title='bbox 1604 2095 2002 2161; x_wconf 68' lang='lat' dir='ltr'>clamantem</span> <span class='ocrx_word' id='word_1_88' title='bbox 2047 2096 2134 2161; x_wconf 89' lang='lat' dir='ltr'>ad</span> <span class='ocrx_word' id='word_1_89' title='bbox 2179 2094 2399 2161; x_wconf 90' lang='lat' dir='ltr'>Deum</span> <span class='ocrx_word' id='word_1_90' title='bbox 2444 2096 2524 2161; x_wconf 88' lang='lat' dir='ltr'>de</span> <span class='ocrx_word' id='word_1_91' title='bbox 2555 2100 2732 2163; x_wconf 71' lang='lat' dir='ltr'>terra</span> <span class='ocrx_word' id='word_1_92' title='bbox 2753 2069 2986 2187; x_wconf 25' lang='lat' dir='ltr'>32¹3?ss</span> 
     </span>
     <span class='ocr_line' id='line_1_13' title="bbox 627 2196 2731 2287; baseline 0.002 -27"><span class='ocrx_word' id='word_1_93' title='bbox 627 2196 1021 2265; x_wconf 80' lang='lat' dir='ltr'>audivimus,</span> <span class='ocrx_word' id='word_1_94' title='bbox 1132 2197 1477 2279; x_wconf 78' lang='lat' dir='ltr'>Quomodo</span> <span class='ocrx_word' id='word_1_95' title='bbox 1552 2198 1792 2265; x_wconf 74' lang='lat' dir='ltr'>cecidit</span> <span class='ocrx_word' id='word_1_96' title='bbox 1853 2199 2131 2264; x_wconf 84' lang='lat' dir='ltr'>verbum</span> <span class='ocrx_word' id='word_1_97' title='bbox 2201 2220 2286 2264; x_wconf 87' lang='lat' dir='ltr'>ex</span> <span class='ocrx_word' id='word_1_98' title='bbox 2361 2220 2472 2264; x_wconf 89' lang='lat' dir='ltr'>ore</span> <span class='ocrx_word' id='word_1_99' title='bbox 2535 2200 2731 2287; x_wconf 86' lang='lat' dir='ltr'>regis,</span> 
     </span>
    </p>

    <p class='ocr_par' dir='ltr' id='par_1_5' title="bbox 629 2298 2734 2383">
     <span class='ocr_line' id='line_1_14' title="bbox 629 2298 2734 2383; baseline 0.002 -19"><span class='ocrx_word' id='word_1_100' title='bbox 629 2298 805 2383; x_wconf 91' lang='lat' dir='ltr'>quod</span> <span class='ocrx_word' id='word_1_101' title='bbox 849 2305 951 2365; x_wconf 65' lang='lat' dir='ltr'>esf,</span> <span class='ocrx_word' id='word_1_102' title='bbox 1016 2307 1319 2367; x_wconf 72' lang='lat' dir='ltr'>sanctum</span> <span class='ocrx_word' id='word_1_103' title='bbox 1383 2307 1452 2367; x_wconf 72' lang='lat' dir='ltr'>et</span> <span class='ocrx_word' id='word_1_104' title='bbox 1516 2302 1591 2365; x_wconf 91' lang='lat' dir='ltr'>in</span> <span class='ocrx_word' id='word_1_105' title='bbox 1636 2306 1705 2366; x_wconf 69' lang='lat' dir='ltr'>be</span> <span class='ocrx_word' id='word_1_106' title='bbox 1749 2301 2243 2367; x_wconf 79' lang='lat' dir='ltr'>venerandum?</span> <span class='ocrx_word' id='word_1_107' title='bbox 2327 2302 2572 2367; x_wconf 88' lang='lat' dir='ltr'>Verum</span> <span class='ocrx_word' id='word_1_108' title='bbox 2635 2304 2734 2369; x_wconf 74' lang='lat' dir='ltr'>ita</span> 
     </span>
    </p>

    <p class='ocr_par' dir='ltr' id='par_1_6' title="bbox 627 2403 2734 2488">
     <span class='ocr_line' id='line_1_15' title="bbox 627 2403 2734 2488; baseline 0.002 -23"><span class='ocrx_word' id='word_1_109' title='bbox 627 2407 785 2466; x_wconf 71' lang='lat' dir='ltr'>sunt·</span> <span class='ocrx_word' id='word_1_110' title='bbox 847 2423 1070 2468; x_wconf 87' lang='lat' dir='ltr'>omnes</span> <span class='ocrx_word' id='word_1_111' title='bbox 1132 2403 1248 2468; x_wconf 70' lang='lat' dir='ltr'>isti</span> <span class='ocrx_word' id='word_1_112' title='bbox 1313 2404 1599 2483; x_wconf 68' lang='lat' dir='ltr'>divites3</span> <span class='ocrx_word' id='word_1_113' title='bbox 1658 2404 1717 2468; x_wconf 90' lang='lat' dir='ltr'>si</span> <span class='ocrx_word' id='word_1_114' title='bbox 1793 2403 1956 2488; x_wconf 89' lang='lat' dir='ltr'>quid</span> <span class='ocrx_word' id='word_1_115' title='bbox 2023 2404 2190 2467; x_wconf 89' lang='lat' dir='ltr'>bene</span> <span class='ocrx_word' id='word_1_116' title='bbox 2258 2403 2476 2481; x_wconf 72' lang='lat' dir='ltr'>faciae,</span> <span class='ocrx_word' id='word_1_117' title='bbox 2521 2404 2734 2471; x_wconf 86' lang='lat' dir='ltr'>levior</span> 
     </span>
    </p>

    <p class='ocr_par' dir='ltr' id='par_1_7' title="bbox 626 2502 2730 2591">
     <span class='ocr_line' id='line_1_16' title="bbox 626 2502 2730 2591; baseline 0.003 -26"><span class='ocrx_word' id='word_1_118' title='bbox 626 2502 854 2587; x_wconf 88' lang='lat' dir='ltr'>pluma</span> <span class='ocrx_word' id='word_1_119' title='bbox 927 2509 1028 2570; x_wconf 71' lang='lat' dir='ltr'>est</span> <span class='ocrx_word' id='word_1_120' title='bbox 1109 2505 1369 2591; x_wconf 72' lang='lat' dir='ltr'>gratia3</span> <span class='ocrx_word' id='word_1_121' title='bbox 1437 2504 1494 2570; x_wconf 91' lang='lat' dir='ltr'>si</span> <span class='ocrx_word' id='word_1_122' title='bbox 1557 2504 1720 2590; x_wconf 90' lang='lat' dir='ltr'>quid</span> <span class='ocrx_word' id='word_1_123' title='bbox 1781 2509 2124 2590; x_wconf 77' lang='lat' dir='ltr'>peccatum</span> <span class='ocrx_word' id='word_1_124' title='bbox 2197 2508 2312 2581; x_wconf 65' lang='lat' dir='ltr'>esss,</span> <span class='ocrx_word' id='word_1_125' title='bbox 2389 2506 2730 2591; x_wconf 80' lang='lat' dir='ltr'>plu&#39;mbeas</span> 
     </span>
    </p>

    <p class='ocr_par' dir='ltr' id='par_1_8' title="bbox 627 2602 2730 2691">
     <span class='ocr_line' id='line_1_17' title="bbox 627 2602 2730 2691; baseline 0.003 -26"><span class='ocrx_word' id='word_1_126' title='bbox 627 2602 760 2671; x_wconf 88' lang='lat' dir='ltr'>iras</span> <span class='ocrx_word' id='word_1_127' title='bbox 826 2610 1081 2689; x_wconf 84' lang='lat' dir='ltr'>gerunt.</span> <span class='ocrx_word' id='word_1_128' title='bbox 1173 2606 1423 2672; x_wconf 79' lang='lat' dir='ltr'>Heecne</span> <span class='ocrx_word' id='word_1_129' title='bbox 1490 2606 1731 2672; x_wconf 74' lang='lat' dir='ltr'>threna</span> <span class='ocrx_word' id='word_1_130' title='bbox 1792 2604 2078 2691; x_wconf 77' lang='lat' dir='ltr'>tragoedi</span> <span class='ocrx_word' id='word_1_131' title='bbox 2141 2605 2490 2691; x_wconf 78' lang='lat' dir='ltr'>parsinalis</span> <span class='ocrx_word' id='word_1_132' title='bbox 2559 2607 2730 2672; x_wconf 91' lang='lat' dir='ltr'>didi—</span> 
     </span>
    </p>

    <p class='ocr_par' dir='ltr' id='par_1_9' title="bbox 620 2705 2730 3304">
     <span class='ocr_line' id='line_1_18' title="bbox 626 2705 2730 2793; baseline 0.002 -22"><span class='ocrx_word' id='word_1_133' title='bbox 626 2724 770 2771; x_wconf 85' lang='lat' dir='ltr'>cere</span> <span class='ocrx_word' id='word_1_134' title='bbox 814 2705 1027 2772; x_wconf 86' lang='lat' dir='ltr'>ibides</span> <span class='ocrx_word' id='word_1_135' title='bbox 1090 2712 1335 2773; x_wconf 73' lang='lat' dir='ltr'>nostrae</span> <span class='ocrx_word' id='word_1_136' title='bbox 1399 2708 1647 2773; x_wconf 73' lang='lat' dir='ltr'>eremi?</span> <span class='ocrx_word' id='word_1_137' title='bbox 1677 2706 1702 2745; x_wconf 87' lang='lat'>¹</span> <span class='ocrx_word' id='word_1_138' title='bbox 1794 2706 1877 2771; x_wconf 93' lang='lat' dir='ltr'>In</span> <span class='ocrx_word' id='word_1_139' title='bbox 1923 2706 2298 2793; x_wconf 73' lang='lat' dir='ltr'>pectoribus</span> <span class='ocrx_word' id='word_1_140' title='bbox 2342 2705 2616 2793; x_wconf 87' lang='lat' dir='ltr'>plebeiis</span> <span class='ocrx_word' id='word_1_141' title='bbox 2660 2714 2730 2775; x_wconf 73' lang='lat' dir='ltr'>et</span> 
     </span>
     <span class='ocr_line' id='line_1_19' title="bbox 625 2806 2728 2895; baseline 0.003 -26"><span class='ocrx_word' id='word_1_142' title='bbox 625 2806 907 2873; x_wconf 89' lang='lat' dir='ltr'>infirmis</span> <span class='ocrx_word' id='word_1_143' title='bbox 1002 2809 1321 2875; x_wconf 90' lang='lat' dir='ltr'>beneficia</span> <span class='ocrx_word' id='word_1_144' title='bbox 1396 2810 1621 2875; x_wconf 85' lang='lat' dir='ltr'>omnia</span> <span class='ocrx_word' id='word_1_145' title='bbox 1717 2813 2194 2876; x_wconf 68' lang='lat' dir='ltr'>conservantur</span> <span class='ocrx_word' id='word_1_146' title='bbox 2267 2809 2596 2895; x_wconf 90' lang='lat' dir='ltr'>quomodo</span> <span class='ocrx_word' id='word_1_147' title='bbox 2671 2811 2728 2875; x_wconf 88' lang='lat' dir='ltr'>si</span> 
     </span>
     <span class='ocr_line' id='line_1_20' title="bbox 622 2908 2726 2995; baseline 0.002 -21"><span class='ocrx_word' id='word_1_148' title='bbox 622 2908 869 2995; x_wconf 75' lang='lat' dir='ltr'>scripta</span> <span class='ocrx_word' id='word_1_149' title='bbox 942 2917 1162 2976; x_wconf 73' lang='lat' dir='ltr'>essent</span> <span class='ocrx_word' id='word_1_150' title='bbox 1222 2912 1297 2976; x_wconf 89' lang='lat' dir='ltr'>in</span> <span class='ocrx_word' id='word_1_151' title='bbox 1358 2933 1559 2978; x_wconf 87' lang='lat' dir='ltr'>arena</span> <span class='ocrx_word' id='word_1_152' title='bbox 1625 2917 1695 2978; x_wconf 72' lang='lat' dir='ltr'>et</span> <span class='ocrx_word' id='word_1_153' title='bbox 1766 2911 1994 2978; x_wconf 70' lang='lat' dir='ltr'>littore</span> <span class='ocrx_word' id='word_1_154' title='bbox 2056 2911 2296 2990; x_wconf 84' lang='lat' dir='ltr'>maris3</span> <span class='ocrx_word' id='word_1_155' title='bbox 2355 2913 2432 2977; x_wconf 90' lang='lat' dir='ltr'>in</span> <span class='ocrx_word' id='word_1_156' title='bbox 2490 2913 2726 2979; x_wconf 89' lang='lat' dir='ltr'>iisdem</span> 
     </span>
     <span class='ocr_line' id='line_1_21' title="bbox 622 3012 2720 3100; baseline 0.002 -23"><span class='ocrx_word' id='word_1_157' title='bbox 622 3012 925 3078; x_wconf 81' lang='lat' dir='ltr'>cordibus</span> <span class='ocrx_word' id='word_1_158' title='bbox 968 3019 1359 3100; x_wconf 72' lang='lat' dir='ltr'>permanent</span> <span class='ocrx_word' id='word_1_159' title='bbox 1400 3015 1664 3100; x_wconf 70' lang='lat' dir='ltr'>injurias</span> <span class='ocrx_word' id='word_1_160' title='bbox 1710 3020 2000 3080; x_wconf 70' lang='lat' dir='ltr'>exarabae</span> <span class='ocrx_word' id='word_1_161' title='bbox 2045 3016 2233 3100; x_wconf 86' lang='lat' dir='ltr'>quasi</span> <span class='ocrx_word' id='word_1_162' title='bbox 2262 3015 2336 3080; x_wconf 91' lang='lat' dir='ltr'>in</span> <span class='ocrx_word' id='word_1_163' title='bbox 2380 3037 2720 3082; x_wconf 87' lang='lat' dir='ltr'>marmore.</span> 
     </span>
     <span class='ocr_line' id='line_1_22' title="bbox 622 3112 2721 3203; baseline 0.003 -25"><span class='ocrx_word' id='word_1_164' title='bbox 622 3112 1045 3179; x_wconf 89' lang='lat' dir='ltr'>Reverendus</span> <span class='ocrx_word' id='word_1_165' title='bbox 1109 3115 1221 3180; x_wconf 92' lang='lat' dir='ltr'>ille</span> <span class='ocrx_word' id='word_1_166' title='bbox 1288 3121 1478 3201; x_wconf 66' lang='lat' dir='ltr'>pater</span> <span class='ocrx_word' id='word_1_167' title='bbox 1538 3115 1784 3182; x_wconf 85' lang='lat' dir='ltr'>Becket</span> <span class='ocrx_word' id='word_1_168' title='bbox 1857 3115 2382 3203; x_wconf 82' lang='lat' dir='ltr'>archiepiscopus</span> <span class='ocrx_word' id='word_1_169' title='bbox 2449 3122 2518 3182; x_wconf 78' lang='lat' dir='ltr'>et</span> <span class='ocrx_word' id='word_1_170' title='bbox 2562 3118 2721 3184; x_wconf 88' lang='lat' dir='ltr'>irre-</span> 
     </span>
     <span class='ocr_line' id='line_1_23' title="bbox 620 3214 2720 3304; baseline 0.003 -24"><span class='ocrx_word' id='word_1_171' title='bbox 620 3214 1151 3301; x_wconf 72' lang='lat' dir='ltr'>prehensibiliter</span> <span class='ocrx_word' id='word_1_172' title='bbox 1196 3216 1567 3282; x_wconf 85' lang='lat' dir='ltr'>cancellarii</span> <span class='ocrx_word' id='word_1_173' title='bbox 1643 3238 1912 3282; x_wconf 88' lang='lat' dir='ltr'>munere</span> <span class='ocrx_word' id='word_1_174' title='bbox 1960 3239 2176 3283; x_wconf 88' lang='lat' dir='ltr'>coram</span> <span class='ocrx_word' id='word_1_175' title='bbox 2224 3223 2294 3282; x_wconf 77' lang='lat' dir='ltr'>te</span> <span class='ocrx_word' id='word_1_176' title='bbox 2336 3219 2720 3304; x_wconf 73' lang='lat' dir='ltr'>perfunctus</span> 
     </span>
    </p>

    <p class='ocr_par' dir='ltr' id='par_1_10' title="bbox 620 3317 2722 3405">
     <span class='ocr_line' id='line_1_24' title="bbox 620 3317 2722 3405; baseline 0.003 -24"><span class='ocrx_word' id='word_1_177' title='bbox 620 3317 855 3395; x_wconf 70' lang='lat' dir='ltr'>fuerat,</span> <span class='ocrx_word' id='word_1_178' title='bbox 886 3340 1087 3404; x_wconf 88' lang='lat' dir='ltr'>quare</span> <span class='ocrx_word' id='word_1_179' title='bbox 1133 3319 1335 3384; x_wconf 75' lang='lat' dir='ltr'>talem</span> <span class='ocrx_word' id='word_1_180' title='bbox 1382 3324 1777 3405; x_wconf 72' lang='lat' dir='ltr'>tantumque</span> <span class='ocrx_word' id='word_1_181' title='bbox 1823 3319 2085 3386; x_wconf 89' lang='lat' dir='ltr'>fidelem</span> <span class='ocrx_word' id='word_1_182' title='bbox 2133 3319 2380 3385; x_wconf 73' lang='lat' dir='ltr'>delevit</span> <span class='ocrx_word' id='word_1_183' title='bbox 2426 3321 2722 3388; x_wconf 77' lang='lat' dir='ltr'>oblivio?</span> 
     </span>
    </p>

    <p class='ocr_par' dir='ltr' id='par_1_11' title="bbox 622 3417 2720 3507">
     <span class='ocr_line' id='line_1_25' title="bbox 622 3417 2720 3507; baseline 0.004 -25"><span class='ocrx_word' id='word_1_184' title='bbox 622 3417 681 3482; x_wconf 92' lang='lat' dir='ltr'>O</span> <span class='ocrx_word' id='word_1_185' title='bbox 728 3419 1009 3485; x_wconf 72' lang='lat' dir='ltr'>vitream</span> <span class='ocrx_word' id='word_1_186' title='bbox 1057 3421 1435 3507; x_wconf 90' lang='lat' dir='ltr'>principum</span> <span class='ocrx_word' id='word_1_187' title='bbox 1479 3422 1801 3507; x_wconf 65' lang='lat' dir='ltr'>gratiam!</span> <span class='ocrx_word' id='word_1_188' title='bbox 1863 3421 2028 3506; x_wconf 91' lang='lat' dir='ltr'>quid</span> <span class='ocrx_word' id='word_1_189' title='bbox 2069 3420 2260 3486; x_wconf 88' lang='lat' dir='ltr'>nobis</span> <span class='ocrx_word' id='word_1_190' title='bbox 2306 3426 2374 3486; x_wconf 70' lang='lat' dir='ltr'>et</span> <span class='ocrx_word' id='word_1_191' title='bbox 2417 3424 2720 3490; x_wconf 67' lang='lat' dir='ltr'>mundo?</span> 
     </span>
    </p>

    <p class='ocr_par' dir='ltr' id='par_1_12' title="bbox 618 3519 2718 3610">
     <span class='ocr_line' id='line_1_26' title="bbox 618 3519 2718 3610; baseline 0.002 -24"><span class='ocrx_word' id='word_1_192' title='bbox 618 3519 849 3586; x_wconf 69' lang='lat' dir='ltr'>Nolite</span> <span class='ocrx_word' id='word_1_193' title='bbox 892 3522 1217 3588; x_wconf 87' lang='lat' dir='ltr'>confidere</span> <span class='ocrx_word' id='word_1_194' title='bbox 1262 3523 1336 3588; x_wconf 91' lang='lat' dir='ltr'>in</span> <span class='ocrx_word' id='word_1_195' title='bbox 1379 3523 1817 3610; x_wconf 89' lang='lat' dir='ltr'>principibus,</span> <span class='ocrx_word' id='word_1_196' title='bbox 1864 3544 1986 3589; x_wconf 89' lang='lat' dir='ltr'>nec</span> <span class='ocrx_word' id='word_1_197' title='bbox 2030 3523 2104 3586; x_wconf 90' lang='lat' dir='ltr'>in</span> <span class='ocrx_word' id='word_1_198' title='bbox 2147 3523 2304 3588; x_wconf 87' lang='lat' dir='ltr'>filiis</span> <span class='ocrx_word' id='word_1_199' title='bbox 2357 3523 2718 3604; x_wconf 86' lang='lat' dir='ltr'>hominum,</span> 
     </span>
    </p>

    <p class='ocr_par' dir='ltr' id='par_1_13' title="bbox 617 3622 2720 3813">
     <span class='ocr_line' id='line_1_27' title="bbox 617 3622 2720 3711; baseline 0.004 -25"><span class='ocrx_word' id='word_1_200' title='bbox 617 3622 690 3686; x_wconf 89' lang='lat' dir='ltr'>in</span> <span class='ocrx_word' id='word_1_201' title='bbox 753 3623 994 3709; x_wconf 88' lang='lat' dir='ltr'>quibus</span> <span class='ocrx_word' id='word_1_202' title='bbox 1068 3645 1206 3690; x_wconf 92' lang='lat' dir='ltr'>non</span> <span class='ocrx_word' id='word_1_203' title='bbox 1272 3631 1373 3691; x_wconf 72' lang='lat' dir='ltr'>est</span> <span class='ocrx_word' id='word_1_204' title='bbox 1435 3625 1625 3692; x_wconf 86' lang='lat' dir='ltr'>salus.</span> <span class='ocrx_word' id='word_1_205' title='bbox 1725 3625 1940 3690; x_wconf 92' lang='lat' dir='ltr'>Immo</span> <span class='ocrx_word' id='word_1_206' title='bbox 2005 3625 2181 3690; x_wconf 87' lang='lat' dir='ltr'>salus</span> <span class='ocrx_word' id='word_1_207' title='bbox 2249 3625 2378 3711; x_wconf 83' lang='lat' dir='ltr'>ipsi</span> <span class='ocrx_word' id='word_1_208' title='bbox 2452 3627 2720 3694; x_wconf 90' lang='lat' dir='ltr'>domino</span> 
     </span>
     <span class='ocr_line' id='line_1_28' title="bbox 618 3724 2720 3813; baseline 0.003 -23"><span class='ocrx_word' id='word_1_209' title='bbox 618 3724 887 3791; x_wconf 84' lang='lat' dir='ltr'>Thomae</span> <span class='ocrx_word' id='word_1_210' title='bbox 931 3726 1412 3813; x_wconf 79' lang='lat' dir='ltr'>archiepiscopo</span> <span class='ocrx_word' id='word_1_211' title='bbox 1459 3725 1941 3804; x_wconf 71' lang='lat' dir='ltr'>Cani-,uariensi‚</span> <span class='ocrx_word' id='word_1_212' title='bbox 1988 3727 2300 3813; x_wconf 89' lang='lat' dir='ltr'>quoniam</span> <span class='ocrx_word' id='word_1_213' title='bbox 2344 3728 2429 3793; x_wconf 93' lang='lat' dir='ltr'>ab</span> <span class='ocrx_word' id='word_1_214' title='bbox 2475 3729 2570 3794; x_wconf 75' lang='lat' dir='ltr'>eis</span> <span class='ocrx_word' id='word_1_215' title='bbox 2613 3751 2720 3796; x_wconf 89' lang='lat' dir='ltr'>oc-</span> 
     </span>
    </p>

    <p class='ocr_par' dir='ltr' id='par_1_14' title="bbox 614 3827 2711 3915">
     <span class='ocr_line' id='line_1_29' title="bbox 614 3827 2711 3915; baseline 0.002 -23"><span class='ocrx_word' id='word_1_216' title='bbox 614 3827 787 3892; x_wconf 87' lang='lat' dir='ltr'>cisus</span> <span class='ocrx_word' id='word_1_217' title='bbox 833 3827 1172 3894; x_wconf 69' lang='lat' dir='ltr'>dealbavit</span> <span class='ocrx_word' id='word_1_218' title='bbox 1214 3829 1452 3893; x_wconf 72' lang='lat' dir='ltr'>stolam</span> <span class='ocrx_word' id='word_1_219' title='bbox 1524 3849 1713 3894; x_wconf 90' lang='lat' dir='ltr'>suam</span> <span class='ocrx_word' id='word_1_220' title='bbox 1775 3829 1849 3892; x_wconf 91' lang='lat' dir='ltr'>in</span> <span class='ocrx_word' id='word_1_221' title='bbox 1895 3829 2216 3915; x_wconf 85' lang='lat' dir='ltr'>sanguine</span> <span class='ocrx_word' id='word_1_222' title='bbox 2260 3830 2440 3915; x_wconf 88' lang='lat' dir='ltr'>Agni</span> <span class='ocrx_word' id='word_1_223' title='bbox 2480 3831 2711 3897; x_wconf 90' lang='lat' dir='ltr'>imma-</span> 
     </span>
    </p>

    <p class='ocr_par' dir='ltr' id='par_1_15' title="bbox 611 3928 2734 4321">
     <span class='ocr_line' id='line_1_30' title="bbox 615 3928 2718 4016; baseline 0.002 -23"><span class='ocrx_word' id='word_1_224' title='bbox 615 3929 835 3996; x_wconf 52' lang='lat' dir='ltr'>culari.</span> <span class='ocrx_word' id='word_1_225' title='bbox 970 3928 1260 4016; x_wconf 90' lang='lat' dir='ltr'>Ideoque</span> <span class='ocrx_word' id='word_1_226' title='bbox 1353 3930 1591 3996; x_wconf 71' lang='lat' dir='ltr'>beatus</span> <span class='ocrx_word' id='word_1_227' title='bbox 1684 3931 1845 4016; x_wconf 89' lang='lat' dir='ltr'>quia</span> <span class='ocrx_word' id='word_1_228' title='bbox 1920 3934 2208 4007; x_wconf 49' lang='lat' dir='ltr'>vocatu&amp;</span> <span class='ocrx_word' id='word_1_229' title='bbox 2285 3931 2443 4016; x_wconf 88' lang='lat' dir='ltr'>quia</span> <span class='ocrx_word' id='word_1_230' title='bbox 2517 3933 2718 3998; x_wconf 54' lang='lat' dir='ltr'>eriam</span> 
     </span>
     <span class='ocr_line' id='line_1_31' title="bbox 614 4030 2717 4117; baseline 0.003 -23"><span class='ocrx_word' id='word_1_231' title='bbox 614 4030 1033 4097; x_wconf 72' lang='lat' dir='ltr'>introductus</span> <span class='ocrx_word' id='word_1_232' title='bbox 1062 4031 1150 4096; x_wconf 85' lang='lat' dir='ltr'>ad</span> <span class='ocrx_word' id='word_1_233' title='bbox 1182 4053 1437 4100; x_wconf 85' lang='lat' dir='ltr'>coenam</span> <span class='ocrx_word' id='word_1_234' title='bbox 1470 4031 1857 4117; x_wconf 74' lang='lat' dir='ltr'>nuptiarum</span> <span class='ocrx_word' id='word_1_235' title='bbox 1903 4032 2099 4117; x_wconf 84' lang='lat' dir='ltr'>Agni.</span> <span class='ocrx_word' id='word_1_236' title='bbox 2195 4030 2251 4096; x_wconf 92' lang='grc' dir='ltr'>Ο</span> <span class='ocrx_word' id='word_1_237' title='bbox 2282 4035 2717 4100; x_wconf 84' lang='lat' dir='ltr'>reverendum</span> 
     </span>
     <span class='ocr_line' id='line_1_32' title="bbox 612 4130 2734 4230; baseline 0.005 -35"><span class='ocrx_word' id='word_1_238' title='bbox 612 4130 1201 4218; x_wconf 72' lang='lat' dir='ltr'>hieromartyrem!</span> <span class='ocrx_word' id='word_1_239' title='bbox 1292 4132 1351 4197; x_wconf 94' lang='grc' dir='ltr'><strong>Ο</strong></span> <span class='ocrx_word' id='word_1_240' title='bbox 1411 4133 1684 4198; x_wconf 73' lang='lat' dir='ltr'>beatum</span> <span class='ocrx_word' id='word_1_241' title='bbox 1759 4133 2174 4219; x_wconf 72' lang='lat' dir='ltr'>pontificeml</span> <span class='ocrx_word' id='word_1_242' title='bbox 2235 4135 2421 4221; x_wconf 85' lang='lat' dir='ltr'>cujus</span> <span class='ocrx_word' id='word_1_243' title='bbox 2493 4138 2734 4230; x_wconf 54' lang='lat' dir='ltr'>anima·</span> 
     </span>
     <span class='ocr_line' id='line_1_33' title="bbox 611 4233 2714 4321; baseline 0.003 -22"><span class='ocrx_word' id='word_1_244' title='bbox 611 4233 993 4318; x_wconf 86' lang='lat' dir='ltr'>paradisum</span> <span class='ocrx_word' id='word_1_245' title='bbox 1090 4234 1399 4321; x_wconf 72' lang='lat' dir='ltr'>possidet,</span> <span class='ocrx_word' id='word_1_246' title='bbox 1466 4235 2004 4320; x_wconf 88' lang='lat' dir='ltr'>quandoquidem</span> <span class='ocrx_word' id='word_1_247' title='bbox 2090 4234 2349 4303; x_wconf 74' lang='lat' dir='ltr'>invenit</span> <span class='ocrx_word' id='word_1_248' title='bbox 2431 4238 2714 4305; x_wconf 70' lang='lat' dir='ltr'>salutem</span> 
     </span>
    </p>

    <p class='ocr_par' dir='ltr' id='par_1_16' title="bbox 612 4335 2714 4421">
     <span class='ocr_line' id='line_1_34' title="bbox 612 4335 2714 4421; baseline 0.003 -20"><span class='ocrx_word' id='word_1_249' title='bbox 612 4356 699 4401; x_wconf 83' lang='lat' dir='ltr'>ex</span> <span class='ocrx_word' id='word_1_250' title='bbox 744 4335 1033 4402; x_wconf 86' lang='lat' dir='ltr'>inimicis</span> <span class='ocrx_word' id='word_1_251' title='bbox 1076 4336 1230 4412; x_wconf 76' lang='lat' dir='ltr'>suiS,</span> <span class='ocrx_word' id='word_1_252' title='bbox 1294 4341 1364 4400; x_wconf 72' lang='lat' dir='ltr'>et</span> <span class='ocrx_word' id='word_1_253' title='bbox 1428 4337 1509 4401; x_wconf 87' lang='lat' dir='ltr'>de</span> <span class='ocrx_word' id='word_1_254' title='bbox 1579 4356 1780 4400; x_wconf 88' lang='lat' dir='ltr'>manu</span> <span class='ocrx_word' id='word_1_255' title='bbox 1851 4357 2074 4401; x_wconf 91' lang='lat' dir='ltr'>eorum</span> <span class='ocrx_word' id='word_1_256' title='bbox 2140 4338 2258 4421; x_wconf 91' lang='lat' dir='ltr'>qui</span> <span class='ocrx_word' id='word_1_257' title='bbox 2324 4339 2600 4406; x_wconf 71' lang='lat' dir='ltr'>oderant</span> <span class='ocrx_word' id='word_1_258' title='bbox 2643 4365 2714 4408; x_wconf 88' lang='lat' dir='ltr'>se</span> 
     </span>
    </p>

    <p class='ocr_par' dir='ltr' id='par_1_17' title="bbox 611 4437 2714 4530">
     <span class='ocr_line' id='line_1_35' title="bbox 611 4437 2714 4530; baseline 0.005 -28"><span class='ocrx_word' id='word_1_259' title='bbox 611 4439 837 4525; x_wconf 75' lang='lat' dir='ltr'>gratis.</span> <span class='ocrx_word' id='word_1_260' title='bbox 922 4438 1105 4502; x_wconf 92' lang='lat' dir='ltr'>Bone</span> <span class='ocrx_word' id='word_1_261' title='bbox 1133 4437 1352 4503; x_wconf 80' lang='lat' dir='ltr'>Deus!</span> <span class='ocrx_word' id='word_1_262' title='bbox 1396 4438 1665 4504; x_wconf 88' lang='lat' dir='ltr'>auribus</span> <span class='ocrx_word' id='word_1_263' title='bbox 1696 4438 1941 4504; x_wconf 72' lang='lat' dir='ltr'>nostris</span> <span class='ocrx_word' id='word_1_264' title='bbox 1971 4439 2366 4519; x_wconf 81' lang='lat' dir='ltr'>audivimus,</span> <span class='ocrx_word' id='word_1_265' title='bbox 2397 4446 2466 4506; x_wconf 78' lang='lat' dir='ltr'>et</span> <span class='ocrx_word' id='word_1_266' title='bbox 2494 4450 2714 4530; x_wconf 66' lang='lat' dir='ltr'>pabres</span> 
     </span>
    </p>

    <p class='ocr_par' dir='ltr' id='par_1_18' title="bbox 612 4538 2713 4631">
     <span class='ocr_line' id='line_1_36' title="bbox 612 4538 2713 4631; baseline 0.003 -27"><span class='ocrx_word' id='word_1_267' title='bbox 612 4540 827 4605; x_wconf 74' lang='lat' dir='ltr'>nostri</span> <span class='ocrx_word' id='word_1_268' title='bbox 902 4538 1206 4604; x_wconf 90' lang='lat' dir='ltr'>dominus</span> <span class='ocrx_word' id='word_1_269' title='bbox 1280 4539 1585 4625; x_wconf 89' lang='lat' dir='ltr'>princeps</span> <span class='ocrx_word' id='word_1_270' title='bbox 1661 4540 1990 4606; x_wconf 87' lang='lat' dir='ltr'>Henrious</span> <span class='ocrx_word' id='word_1_271' title='bbox 2066 4541 2147 4606; x_wconf 90' lang='lat' dir='ltr'>de</span> <span class='ocrx_word' id='word_1_272' title='bbox 2223 4541 2516 4622; x_wconf 87' lang='lat' dir='ltr'>Francia,</span> <span class='ocrx_word' id='word_1_273' title='bbox 2592 4568 2713 4631; x_wconf 89' lang='lat' dir='ltr'>par</span> 
     </span>
    </p>
   </div>
   <div class='ocr_carea' id='block_1_3' title="bbox 616 4699 905 4708">
    <p class='ocr_par' dir='ltr' id='par_1_19' title="bbox 616 4699 905 4708">
     <span class='ocr_line' id='line_1_37' title="bbox 616 4699 905 4708; baseline 0 1092"><span class='ocrx_word' id='word_1_274' title='bbox 616 4699 905 4708; x_wconf 95' lang='lat' dir='ltr'> </span> 
     </span>
    </p>
   </div>
   <div class='ocr_carea' id='block_1_4' title="bbox 611 4784 2715 4931">
    <p class='ocr_par' dir='ltr' id='par_1_20' title="bbox 611 4784 2715 4931">
     <span class='ocr_line' id='line_1_38' title="bbox 682 4784 2715 4854; baseline 0.004 -18"><span class='ocrx_word' id='word_1_275' title='bbox 682 4784 697 4817; x_wconf 86' lang='lat'>¹</span> <span class='ocrx_word' id='word_1_276' title='bbox 731 4784 857 4836; x_wconf 77' lang='lat' dir='ltr'>This</span> <span class='ocrx_word' id='word_1_277' title='bbox 920 4786 1025 4834; x_wconf 85' lang='lat' dir='ltr'>and</span> <span class='ocrx_word' id='word_1_278' title='bbox 1077 4800 1177 4835; x_wconf 87' lang='lat' dir='ltr'>one</span> <span class='ocrx_word' id='word_1_279' title='bbox 1221 4801 1281 4834; x_wconf 92' lang='grc' dir='ltr'>οι·</span> <span class='ocrx_word' id='word_1_280' title='bbox 1326 4797 1427 4836; x_wconf 72' lang='lat' dir='ltr'>two</span> <span class='ocrx_word' id='word_1_281' title='bbox 1473 4785 1619 4836; x_wconf 78' lang='lat' dir='ltr'>other</span> <span class='ocrx_word' id='word_1_282' title='bbox 1710 4787 1832 4852; x_wconf 77' lang='lat' dir='ltr'>they</span> <span class='ocrx_word' id='word_1_283' title='bbox 1855 4788 2002 4837; x_wconf 84' lang='lat' dir='ltr'>stand</span> <span class='ocrx_word' id='word_1_284' title='bbox 2025 4787 2078 4837; x_wconf 91' lang='lat' dir='ltr'>in</span> <span class='ocrx_word' id='word_1_285' title='bbox 2115 4789 2368 4854; x_wconf 81' lang='lat' dir='ltr'>Martene,</span> <span class='ocrx_word' id='word_1_286' title='bbox 2386 4789 2439 4840; x_wconf 89' lang='lat' dir='ltr'>in</span> <span class='ocrx_word' id='word_1_287' title='bbox 2480 4793 2628 4844; x_wconf 80' lang='lat' dir='ltr'>order</span> <span class='ocrx_word' id='word_1_288' title='bbox 2659 4799 2715 4846; x_wconf 84' lang='lat' dir='ltr'>to</span> 
     </span>
     <span class='ocr_line' id='line_1_39' title="bbox 611 4863 2554 4931; baseline 0.005 -16"><span class='ocrx_word' id='word_1_289' title='bbox 611 4878 851 4931; x_wconf 75' lang='lat' dir='ltr'>passages</span> <span class='ocrx_word' id='word_1_290' title='bbox 888 4863 942 4914; x_wconf 89' lang='lat' dir='ltr'>in</span> <span class='ocrx_word' id='word_1_291' title='bbox 980 4863 1067 4915; x_wconf 85' lang='lat' dir='ltr'>the</span> <span class='ocrx_word' id='word_1_292' title='bbox 1106 4866 1255 4916; x_wconf 83' lang='lat' dir='ltr'>letter</span> <span class='ocrx_word' id='word_1_293' title='bbox 1284 4879 1369 4916; x_wconf 84' lang='lat' dir='ltr'>are</span> <span class='ocrx_word' id='word_1_294' title='bbox 1392 4865 1545 4930; x_wconf 81' lang='lat' dir='ltr'>given</span> <span class='ocrx_word' id='word_1_295' title='bbox 1566 4880 1621 4916; x_wconf 81' lang='lat' dir='ltr'>as</span> <span class='ocrx_word' id='word_1_296' title='bbox 1712 4865 1864 4916; x_wconf 77' lang='lat' dir='ltr'>avoid</span> <span class='ocrx_word' id='word_1_297' title='bbox 1884 4866 2194 4930; x_wconf 74' lang='lat' dir='ltr'>coniectural</span> <span class='ocrx_word' id='word_1_298' title='bbox 2217 4870 2554 4924; x_wconf 81' lang='lat' dir='ltr'>emendation.</span> 
     </span>
    </p>
   </div>
   <div class='ocr_carea' id='block_1_5' title="bbox 2257 4965 2466 5028">
    <p class='ocr_par' dir='ltr' id='par_1_21' title="bbox 2257 4965 2466 5028">
     <span class='ocr_line' id='line_1_40' title="bbox 2257 4965 2466 5028; baseline 0.019 -4"><span class='ocrx_word' id='word_1_299' title='bbox 2257 4965 2466 5028; x_wconf 72' lang='lat' dir='ltr'>FF2</span> 
     </span>
    </p>
   </div>
  </div>
 </body>
</html>
