3634 5800
624 934 759 984 Am.
800 889 1023 1004 1169]
1300 930 1307 934 ·
1500 935 1856 983 Erlsromt.
2632 917 2720 985 «17

1600 1213 1753 1281 DL..

615 1369 906 1436 THOMAS
952 1369 1515 1435 OANTUARmNSIs
1561 1383 2151 1432 Ancmmptscopus
2195 1384 2292 1432 AD
2325 1367 2714 1432 HEchemt

1168 1471 1733 1536 WmTomENSEM
1780 1485 2178 1537 EPISCOPUM.

616 1626 697 1688 (A
739 1627 870 1684 2013
910 1625 972 1676 Ο.
999 1624 1049 1675 ii.
1068 1625 1203 1698 *2073
1240 1626 1298 1674 Z.
1319 1623 1392 1673 iii.
1418 1629 1519 1684 94;
1556 1622 1906 1762 Lup.;1194;
1943 1621 2127 1674 Thom.
2173 1627 2301 1682 1593
2337 1623 2400 1675 R.
2444 1614 2712 1686 H'dveden,

1586 1703 1699 1752 271.

702 1835 808 1898 Ad
873 1841 1249 1900 sanctorum
1294 1833 1571 1920 gloriam
1618 1838 1687 1897 et
1732 1831 2152 1917 reproborum
2221 1833 2712 1899 damnationem
2741 1845 2992 1923 penouuo

564 1963 567 1968 ·
614 1955 875 2000 necesse
923 1943 1025 2001 est
1068 1935 1379 2003 scandala
1424 1934 1790 2020 provenire,
1834 1939 1915 1998 ut
1982 1933 2522 1998 tribulationibus
2569 1958 2713 2020 pro·
2741 1913 3003 2042 ffisshlgfof

610 2035 853 2101 bentur
897 2037 1103 2114 electi,
1152 2039 1267 2122 qui
1312 2037 1571 2122 probati
1622 2057 1741 2122 per
1786 2036 2180 2120 patientiam
2225 2057 2530 2102 coronam
2576 2037 2714 2124 glo·
2743 2046 2972 2095 London.

608 2139 727 2202 rite
774 2139 1319 2224 acquirunt-sibi,
1366 2144 1434 2203 et
1478 2139 1627 2202 aliis
1650 2136 1669 2174 ¹
1720 2137 2078 2223 proficiunt
2123 2158 2242 2223 per
2295 2139 2710 2225 exemplum3

610 2241 723 2306 sed
770 2263 875 2307 vae
907 2241 1025 2320 illi,
1054 2265 1174 2328 per
1203 2263 1398 2328 quem
1445 2241 1827 2308 scandalum
1859 2229 2060 2306 venit.
2155 2241 2327 2321 Quia
2357 2263 2511 2328 ergo
2542 2242 2713 2309 Lon-

608 2343 943 2409 doniensis
992 2345 1333 2430 episcopus
1385 2364 1519 2409 non
1564 2345 1781 2430 parcit
1824 2364 1866 2407 a
1894 2343 2237 2421 scandalis,
2283 2350 2352 2409 et
2382 2345 2560 2409 inter
2591 2367 2714 2411 636-

610 2451 755 2511 tera
800 2447 1093 2532 patentis
1138 2446 1413 2513 malitiae
1444 2467 1656 2532 opera,
1697 2449 2044 2532 postquam
2085 2443 2396 2512 Sathanae
2428 2447 2716 2514 traditus

610 2553 727 2623 est,
776 2549 979 2613 etiam
1037 2553 1273 2613 contra
1316 2552 1593 2612 matrem
1642 2568 1830 2611 suam
1901 2553 1970 2612 et
2017 2555 2326 2626 vestram,
2373 2553 2668 2613 sanctam
2691 2548 2717 2588 ²

608 2648 1154 2715 Cantuariensem
1231 2649 1585 2727 ecclesiam,
1656 2656 1794 2714 tam
1872 2650 2242 2736 impudenti
2307 2651 2584 2716 audacia
2647 2658 2717 2717 et

608 2751 1029 2836 parricidali³
1059 2753 1403 2838 impietate
1450 2751 1826 2818 calcaneum
1875 2749 2105 2827 erexit,
2149 2756 2227 2815 ut
2274 2751 2485 2817 dicere
2517 2775 2715 2818 ausus

607 2853 697 2918 sit
742 2875 811 2919 se
859 2856 937 2930 ei,
985 2877 1067 2920 ex
1114 2876 1244 2941 quo
1292 2854 1655 2919 translatus
1704 2857 1819 2930 est,
1865 2852 2117 2916 nullam
2165 2851 2398 2919 debere
2462 2855 2713 2939 subjec-

496 3036 509 3047 ἢ
608 2956 857 3021 tionem
932 2963 1053 3023 aut
1128 2956 1569 3023 obedientiam
1664 2953 1991 3030 exhibere,
2071 2958 2140 3018 et
2215 2955 2296 3018 ad
2376 2957 2712 3021 cumulum

608 3056 1053 3124 damnationis
1115 3080 1253 3124 suae
1320 3056 1566 3143 adjecit
1612 3056 1789 3142 quod
1839 3055 2220 3120 cathedram
2286 3056 2713 3142 archiepisco-

609 3160 823 3245 palem
870 3160 1279 3225 Londoniam
1342 3158 1691 3223 transferri
1736 3157 1954 3235 faciet,
2022 3158 2506 3223 fraternitatem
2572 3181 2715 3225 ves-

614 3268 801 3339 tram,
850 3263 931 3327 de
977 3283 1109 3347 qua
1140 3262 1331 3349 plene
1376 3261 1784 3336 confidimus,
1835 3264 2087 3344 quanta
2131 3276 2477 3345 possumus
2521 3262 2714 3328 affec-

614 3364 789 3429 tione
835 3384 1140 3450 rogamus
1194 3368 1522 3449 quatenus
1584 3382 1707 3448 pro
1750 3367 1963 3427 matre
2033 3368 2254 3427 vestra
2315 3363 2712 3429 defensionis

609 3464 913 3552 elypeum
984 3465 1333 3552 opponatis
1376 3465 1516 3530 filio
1562 3464 1795 3543 Belial,
1862 3464 1977 3549 qui
2024 3486 2159 3550 prae
2227 3466 2483 3531 caeteris
2551 3466 2711 3531 allo-

608 3566 829 3653 phylis
876 3572 1193 3651 tanquam
1256 3566 1426 3631 alter
1480 3565 1715 3630 Goliad
1734 3564 1761 3604 ⁴
1806 3565 1887 3629 de
1937 3566 2110 3630 Geth
2179 3567 2374 3643 solus,
2444 3573 2709 3633 auctore

608 3664 911 3743 Domine,
957 3668 1039 3732 de
1085 3667 1317 3731 castris
1363 3664 1970 3731 incircumcisorum
2015 3667 2321 3752 progredi
2385 3688 2516 3732 non
2563 3690 2710 3733 eru-

608 3767 771 3845 buit,
839 3789 959 3834 nec
1022 3769 1253 3834 timuit
1314 3768 1820 3833 universitatem
1885 3766 2170 3831 filiorum
2217 3768 2712 3834 Oantuariensis

607 3869 889 3935 eoelesiae
951 3890 1303 3955 provocare
1379 3870 1465 3935 ad
1533 3875 1884 3945 certamen,
1953 3868 2110 3932 dum
2180 3871 2408 3934 matris
2485 3892 2709 3936 eorum

609 3971 995 4057 sanguinem
1064 3972 1229 4049 sitit,
1285 3977 1354 4038 et
1420 3970 1760 4037 catholicae
1829 3971 2008 4055 pacis
2054 3971 2297 4036 deserit
2364 3973 2708 4039 unitatem.

501 4120 507 4127 -
609 4070 974 4158 Scripserat
1019 4073 1285 4138 domino
1330 4094 1521 4161 papae
1588 4092 1709 4159 pro
1753 4072 1958 4137 fratre
2025 4078 2250 4137 nostro
2317 4072 2711 4140 Eboracensi

606 4173 1111 4261 archiepiscop0,
1157 4174 1521 4241 sollicitans
1568 4196 1739 4251 eum,
1785 4174 1986 4240 etiam
2034 4174 2462 4241 attestatione
2529 4198 2712 4242 men-

608 4276 753 4349 daci
800 4282 871 4342 et
913 4278 1243 4354 mendosa,
1289 4284 1367 4343 ut
1400 4299 1563 4354 ¹eum
1608 4283 1953 4365 pateretur
1995 4298 2252 4344 crucem
2299 4277 2550 4344 deferre
2595 4300 2713 4365 per

606 4379 1014 4463 provinciam
1098 4385 1389 4446 nostram
1415 4381 1471 4461 3⁶
1546 4380 1766 4445 nescio
1842 4379 2001 4465 quid
2079 4378 2507 4445 emolumenti
2582 4382 2708 4445 sibi

678 4604 697 4639 ¹
726 4605 841 4669 alii,
865 4607 934 4657 V.
1042 4668 1053 4681 .
1706 4603 1950 4663 ricide'ali,
2006 4605 2072 4655 A.
2186 4605 2352 4667 (Both
2405 4603 2566 4657 forms
2621 4624 2708 4660 are

1705 4684 2042 4821 used-(Editus,
2067 4763 2134 4823 A,
2159 4762 2223 4822 O,
2245 4764 2284 4811 Z
2305 4784 2318 4823 ς
2359 4762 2588 4824 Goliatle,
2612 4765 2674 4817 L.

632 4892 637 4899 ³
672 4834 693 4867 ³
722 4834 1047 4903 parricidali,
1070 4836 1149 4895 L3
1188 4836 1380 4889 altered
1413 4843 1467 4886 to
1483 4853 1604 4903 pm*—
1772 4840 1791 4871 '³
1829 4845 2058 4901 vestram,
2085 4842 2154 4903 A,
2178 4840 2240 4891 Ο.

674 4718 695 4752 ²
724 4727 969 4781 muctam,
991 4735 1090 4771 om.
1114 4722 1176 4772 L.
