3634 5800
509 3069 606 3120 His
628 3086 765 3120 mur-

504 3141 608 3188 der.

860 810 987 875 526
1370 894 1375 904 ²
1732 832 2100 882 Ems‘roLAE.
2569 820 2732 902 [Ji-D.
2768 816 2964 884 1172.

854 1010 1110 1075 caelitus
1178 1032 1293 1097 per
1354 1008 1641 1098 gratiam
1711 1019 2030 1098 provecta
2091 1019 2162 1077 et
2237 1015 2528 1099 perfecta
2591 1014 2960 1080 liberalitas

852 1112 1114 1196 aperuit
1158 1113 1244 1178 ad
1288 1113 1655 1179 videndum
1714 1114 2128 1179 calamitates
2197 1114 2487 1181 ecclesiae
2553 1115 2958 1202 Anglicanae,

852 1217 921 1277 et
982 1214 1055 1277 in
1114 1214 1625 1282 subventionem
1646 1215 1670 1255 ¹
1716 1236 2086 1301 pauperum
2134 1214 2387 1281 Christi
2453 1218 2770 1302 portastis
2838 1236 2960 1301 pro

852 1335 929 1379 ea
973 1315 1229 1399 pondus
1274 1317 1407 1382 diei
1453 1324 1525 1383 et
1576 1322 1797 1395 aestuS‚
1845 1322 1914 1383 et
1957 1318 2054 1384 sic
2095 1318 2421 1383 athletam
2468 1340 2588 1404 pro
2633 1318 2780 1405 lege
2825 1318 2957 1383 Dei

850 1417 1167 1503 adversus
1231 1418 1468 1504 impios
1536 1418 1988 1497 dimicantem,
2051 1418 2212 1483 dum
2281 1419 2490 1497 licuit,
2558 1418 2951 1486 custodistis

850 1525 1168 1605 tanquam
1246 1520 1571 1605 pupillam
1636 1520 1808 1585 oculi
1887 1521 2112 1587 vestri.
2204 1521 2438 1586 Fidem
2514 1528 2808 1587 vestram
2885 1526 2956 1586 et

850 1622 1283 1709 diligentiam,
1345 1644 1477 1708 qua
1538 1623 1730 1688 nobis
1798 1645 2028 1709 pacem
2093 1626 2514 1709 procurastiS,
2579 1630 2957 1690 remuneret

847 1727 1049 1805 DeUS,
1093 1750 1227 1815 qua
1287 1729 1459 1793 nihil
1524 1750 1609 1793 ex
1672 1730 2214 1814 contingentibus
2277 1752 2319 1796 a
2387 1731 2578 1795 vobis
2639 1730 2955 1795 omissum

848 1837 964 1908 est,
1018 1836 1135 1913 ‘ut
1211 1832 1579 1896 infortunia
1672 1837 1902 1897 nostra
1975 1832 2168 1897 vobis
2243 1832 2534 1897 debeant
2606 1833 2950 1919 imputari.

844 1932 1083 1997 Forma
1126 1928 1451 2018 siquidem
1497 1933 1679 2019 pacis
1724 1932 2105 1998 solemniter
2150 1933 2338 1999 initae
2369 1934 2627 1999 cunctis
2673 1933 2822 1999 visa
2849 1939 2954 1999 est

845 2024 1045 2099 utilis'
1100 2040 1169 2099 et
1237 2034 1533 2111 honesta,
1593 2055 1745 2099 cum
1807 2033 1883 2097 in
1950 2033 2066 2099 illo
2132 2034 2554 2099 celeberrimo
2617 2040 2948 2100 conventu

846 2142 1185 2201 tantorum
1260 2158 1492 2223 regum
1562 2135 1838 2201 maximi
1915 2142 1985 2201 et
2059 2136 2531 2222 sapientissimi
2605 2136 2936 2222 principes

845 2239 1327 2305 convenissent.
1418 2238 1807 2304 Reformata
1837 2260 1993 2325 ergo
2041 2261 2198 2324 pace
2243 2262 2451 2325 regna
2493 2240 2728 2326 gavisa
2771 2246 2946 2305 sunt.

845 2342 977 2405 Sed
1024 2341 1185 2427 quid
1230 2362 1272 2406 a
1318 2340 1629 2405 membris
1675 2340 1925 2406 diaboli
1987 2346 2150 2407 tunc
2193 2347 2504 2428 ageretur
2570 2343 2666 2408 rei
2727 2343 2951 2407 exitus

844 2444 1186 2520 indicavit,
1234 2445 1292 2508 si
1353 2450 1577 2508 tamen
1624 2442 1707 2507 ad
1756 2466 1954 2509 suum
2017 2445 2275 2511 exitum
2301 2443 2327 2483 ²
2390 2446 2768 2531 pervenisse
2814 2468 2948 2511 cre-

844 2544 1047 2611 dendi
1114 2549 1276 2609 sunt
1343 2544 1477 2629 qui,
1547 2545 1617 2608 in
1664 2544 2134 2611 contumeliam
2205 2546 2333 2611 Dei
2379 2546 2509 2611 sibi
2579 2546 2948 2612 vindictam

846 2644 1287 2724 reservantiS‚⁸
1332 2650 1594 2710 tantum
1644 2645 1901 2711 facinus
1947 2648 2436 2713 commiserunt.
2527 2648 2726 2713 Absit
2769 2649 2948 2713 enim

847 2754 926 2813 ut
970 2749 1139 2814 hanc
1182 2748 1465 2834 gloriam
1510 2769 1695 2813 suam
1742 2746 1935 2812 alteri
2001 2750 2194 2813 cedat
2262 2749 2580 2815 terribilis
2643 2750 2766 2815 Ille
2831 2750 2950 2835 qui

846 2850 1070 2918 aufert
1134 2850 1445 2937 spiritum
1522 2850 1916 2937 principum,
1994 2856 2064 2916 et
2140 2874 2248 2918 eos
2323 2853 2440 2939 qui
2518 2853 2900 2919 inauditum
2923 2853 2952 2892 ⁴

847 2953 1177 3038 flagitium
1243 2957 1651 3039 perpetrasse
1714 2959 2095 3029 noscuntur,
2163 2960 2343 3030 nota,
2389 2960 2458 3018 et
2527 2976 2662 3020 non
2721 2956 2949 3041 potius

846 3055 1253 3130 miraculosa,
1324 3054 1639 3140 percellat
1698 3054 1973 3119 ultione.
2069 3053 2242 3120 Nam
2289 3063 2556 3122 sanctus
2619 3057 2947 3142 pontifex,

738 3230 744 3237 ⁸
848 3157 1021 3222 sicut
1089 3156 1277 3220 vobis
1293 3155 1319 3194 ⁵
1372 3155 1537 3220 aliis
1603 3155 1852 3220 litteris
1915 3156 2052 3220 fida
2113 3157 2431 3222 relatione
2499 3158 2946 3244 significatum

842 3246 961 3336 est,
1008 3258 1089 3324 de
1134 3258 1445 3322 aerumnis
1490 3256 1691 3342 hujus
1736 3256 1959 3322 saeculi
2006 3259 2288 3342 glorioso
2333 3261 2654 3344 martyrio
2701 3260 2942 3346 migra-

845 3363 947 3426 vit
991 3361 1078 3426 ad
1144 3360 1521 3436 Dominum,
1571 3364 1649 3423 ut
1706 3358 1850 3443 jam
1897 3359 2128 3424 sedeat
2187 3382 2338 3426 cum
2405 3362 2826 3447 principibus,
2875 3368 2946 3427 et

833 3463 1093 3546 judicet
1168 3483 1276 3526 eos
1354 3461 1470 3546 qui
1546 3483 1617 3524 se
1692 3461 2272 3545 angustiaverunt,
2343 3468 2412 3528 et
2486 3463 2942 3529 haereditatem

756 3645 761 3650 p
844 3549 1101 3628 Christi
1142 3562 1357 3628 delere
1404 3563 1625 3626 conati
1672 3566 1847 3625 sunt.
1942 3561 2108 3626 Cum
2181 3563 2356 3626 enim
2405 3563 2729 3643 Christus,
2776 3566 2945 3631 velit

841 3665 1028 3742 nolit,
1077 3669 1455 3750 persecutor
1502 3663 1611 3737 sit,
1678 3661 1863 3727 Deus
1909 3685 2105 3748 super
2150 3665 2373 3728 omnia
2420 3664 2806 3732 benedictus
2867 3667 2944 3732 in

840 3763 1095 3844 saecfila,
1190 3769 1655 3829 momentanea
1749 3764 2104 3849 potestatis
2199 3765 2392 3830 elatae
2474 3767 2670 3851 (sicut
2766 3790 2942 3854 saepe

842 3868 1117 3933 audiens
1165 3865 1495 3948 doluistis)
1545 3865 1976 3950 praesumptio
2038 3887 2231 3929 suum
2292 3865 2602 3931 honorem
2654 3873 2722 3933 et
2779 3869 2942 3933 abu-

842 3970 1055 4034 siones
1101 3972 1404 4032 veterum
1436 3971 1876 4051 tyrannorum
1921 3967 2260 4052 perpetuis
2304 3967 2562 4052 legibus
2607 3973 2678 4032 et
2705 3969 2943 4033 honori

842 4072 971 4136 Dei
1039 4069 1457 4136 machinatus
1518 4073 1621 4132 est
1688 4068 2035 4133 anteferre.
2151 4069 2240 4132 Et
2303 4090 2386 4133 ne
2461 4069 2610 4154 quis
2671 4069 2944 4156 obloqui

840 4174 1087 4240 audeat
1132 4177 1253 4237 aut
1296 4170 1558 4246 mutire,
1605 4168 1723 4234 alii
1786 4175 2087 4234 nostrum
2134 4171 2315 4255 capti
2362 4175 2520 4235 sunt
2565 4177 2634 4236 et
2700 4174 2942 4237 retrusi

712 4351 719 4356 ,
840 4278 912 4341 in
976 4296 1315 4350 carcerem,
1381 4271 1497 4336 alii
1565 4272 1935 4357 proscripti,
1987 4272 2121 4374 ⁸alii
2189 4272 2610 4338 condemnati
2688 4275 2943 4352 exsilic,

908 4505 925 4537 ¹
956 4503 1332 4561 subvectionem,
1382 4499 1449 4561 O,
1494 4498 1575 4558 A;
1627 4497 1838 4547 subven-
2007 4498 2028 4531 ³
2063 4503 2389 4558 reservantes,
2411 4496 2478 4548 L.

841 4588 1026 4641 tionem,
1049 4583 1108 4631 L.
2009 4575 2030 4608 ⁴
2062 4575 2307 4638 auditum,
2329 4575 2393 4636 Ο,
2415 4577 2470 4626 A
2489 4597 2504 4636 ς
2539 4577 2833 4639 inauditum,
2855 4579 2920 4628 L.

904 4663 927 4696 ²
962 4662 1165 4723 exitum,
1222 4660 1295 4718 A,
1352 4657 1416 4718 O,
1473 4657 1543 4716 23
1601 4669 1702 4706 om.
1752 4656 1840 4714 Ἲς
2007 4654 2029 4685 ⁶
2065 4653 2219 4714 nobit,
2241 4656 2304 4704 L.

838 4743 998 4803 finem,
1019 4740 1081 4790 L.
