<?xml version="1.0" encoding="UTF-8"?>
<!DOCTYPE html PUBLIC "-//W3C//DTD XHTML 1.0 Transitional//EN"
    "http://www.w3.org/TR/xhtml1/DTD/xhtml1-transitional.dtd">
<html xmlns="http://www.w3.org/1999/xhtml" xml:lang="en" lang="en">
 <head>
  <title>
</title>
<meta http-equiv="Content-Type" content="text/html;charset=utf-8" />
  <meta name='ocr-system' content='tesseract 3.04.00' />
  <meta name='ocr-capabilities' content='ocr_page ocr_carea ocr_par ocr_line ocrx_word'/>
</head>
<body>
  <div class='ocr_page' id='page_1' title='image "./materialsforhis00herbgoog_0531.png"; bbox 0 0 3634 5800; ppageno 0'>
   <div class='ocr_carea' id='block_1_1' title="bbox 541 3995 767 4048">
    <p class='ocr_par' dir='ltr' id='par_1_1' title="bbox 541 3995 767 4048">
     <span class='ocr_line' id='line_1_1' title="bbox 541 3995 767 4048; baseline 0.004 -3"><span class='ocrx_word' id='word_1_1' title='bbox 541 3995 661 4046; x_wconf 88' lang='lat' dir='ltr'><strong>Feb.</strong></span> <span class='ocrx_word' id='word_1_2' title='bbox 689 3997 767 4048; x_wconf 82' lang='lat'>27.</span> 
     </span>
    </p>
   </div>
   <div class='ocr_carea' id='block_1_2' title="bbox 536 4414 843 4464">
    <p class='ocr_par' dir='ltr' id='par_1_2' title="bbox 536 4414 843 4464">
     <span class='ocr_line' id='line_1_2' title="bbox 536 4414 843 4464; baseline -0.013 0"><span class='ocrx_word' id='word_1_3' title='bbox 536 4414 843 4464; x_wconf 85' lang='lat' dir='ltr'>Excommu-</span> 
     </span>
    </p>
   </div>
   <div class='ocr_carea' id='block_1_3' title="bbox 870 867 2979 953">
    <p class='ocr_par' dir='ltr' id='par_1_3' title="bbox 870 867 2979 953">
     <span class='ocr_line' id='line_1_3' title="bbox 870 867 2979 953; baseline -0 -18"><span class='ocrx_word' id='word_1_4' title='bbox 870 874 999 935; x_wconf 84' lang='lat'>506</span> <span class='ocrx_word' id='word_1_5' title='bbox 1754 882 2116 931; x_wconf 73' lang='lat' dir='ltr'>sris&#39;roLAE.</span> <span class='ocrx_word' id='word_1_6' title='bbox 2591 868 2752 953; x_wconf 66' lang='lat' dir='ltr'>[m.</span> <span class='ocrx_word' id='word_1_7' title='bbox 2787 867 2979 940; x_wconf 84' lang='lat'>1171.</span> 
     </span>
    </p>
   </div>
   <div class='ocr_carea' id='block_1_4' title="bbox 862 1072 2988 2980">
    <p class='ocr_par' dir='ltr' id='par_1_4' title="bbox 862 1072 2988 2980">
     <span class='ocr_line' id='line_1_4' title="bbox 868 1072 2982 1159; baseline -0 -22"><span class='ocrx_word' id='word_1_8' title='bbox 868 1078 1219 1159; x_wconf 86' lang='lat' dir='ltr'>torumque</span> <span class='ocrx_word' id='word_1_9' title='bbox 1262 1073 1718 1159; x_wconf 88' lang='lat' dir='ltr'>religiosorum</span> <span class='ocrx_word' id='word_1_10' title='bbox 1763 1078 1906 1136; x_wconf 83' lang='lat' dir='ltr'>tam</span> <span class='ocrx_word' id='word_1_11' title='bbox 1965 1072 2286 1137; x_wconf 83' lang='lat' dir='ltr'>abbatum</span> <span class='ocrx_word' id='word_1_12' title='bbox 2333 1094 2532 1158; x_wconf 85' lang='lat' dir='ltr'>quam</span> <span class='ocrx_word' id='word_1_13' title='bbox 2579 1074 2892 1159; x_wconf 85' lang='lat' dir='ltr'>priorum,</span> <span class='ocrx_word' id='word_1_14' title='bbox 2937 1094 2982 1136; x_wconf 83' lang='lat' dir='ltr'>a</span> 
     </span>
     <span class='ocr_line' id='line_1_5' title="bbox 868 1174 2981 1262; baseline 0 -23"><span class='ocrx_word' id='word_1_15' title='bbox 868 1175 1121 1241; x_wconf 81' lang='lat' dir='ltr'>dextris</span> <span class='ocrx_word' id='word_1_16' title='bbox 1167 1176 1350 1241; x_wconf 84' lang='lat' dir='ltr'>mihi.</span> <span class='ocrx_word' id='word_1_17' title='bbox 1378 1175 1523 1241; x_wconf 88' lang='lat' dir='ltr'>luce</span> <span class='ocrx_word' id='word_1_18' title='bbox 1566 1174 1888 1259; x_wconf 77' lang='lat' dir='ltr'>liquidior</span> <span class='ocrx_word' id='word_1_19' title='bbox 1930 1174 2174 1243; x_wconf 80' lang='lat' dir='ltr'>adstat.</span> <span class='ocrx_word' id='word_1_20' title='bbox 2267 1174 2392 1260; x_wconf 83' lang='lat' dir='ltr'>Ouj</span> <span class='ocrx_word' id='word_1_21' title='bbox 2403 1198 2480 1240; x_wconf 88' lang='lat' dir='ltr'>us</span> <span class='ocrx_word' id='word_1_22' title='bbox 2533 1176 2770 1242; x_wconf 80' lang='lat' dir='ltr'>faciem</span> <span class='ocrx_word' id='word_1_23' title='bbox 2831 1198 2981 1262; x_wconf 78' lang='lat' dir='ltr'>gra—</span> 
     </span>
     <span class='ocr_line' id='line_1_6' title="bbox 868 1276 2982 1363; baseline -0.001 -21"><span class='ocrx_word' id='word_1_24' title='bbox 868 1299 1021 1343; x_wconf 87' lang='lat' dir='ltr'>vem</span> <span class='ocrx_word' id='word_1_25' title='bbox 1066 1283 1136 1342; x_wconf 88' lang='lat' dir='ltr'>et</span> <span class='ocrx_word' id='word_1_26' title='bbox 1178 1278 1543 1363; x_wconf 88' lang='lat' dir='ltr'>fulgentem</span> <span class='ocrx_word' id='word_1_27' title='bbox 1590 1276 1900 1362; x_wconf 82' lang='lat' dir='ltr'>praedicti</span> <span class='ocrx_word' id='word_1_28' title='bbox 1963 1276 2494 1362; x_wconf 77' lang='lat' dir='ltr'>archiepiscopus</span> <span class='ocrx_word' id='word_1_29' title='bbox 2539 1282 2609 1342; x_wconf 90' lang='lat' dir='ltr'>et</span> <span class='ocrx_word' id='word_1_30' title='bbox 2653 1277 2786 1341; x_wconf 78' lang='lat' dir='ltr'>vit-i</span> <span class='ocrx_word' id='word_1_31' title='bbox 2829 1276 2982 1341; x_wconf 88' lang='lat' dir='ltr'>reli-</span> 
     </span>
     <span class='ocr_line' id='line_1_7' title="bbox 868 1377 2982 1466; baseline -0.001 -22"><span class='ocrx_word' id='word_1_32' title='bbox 868 1380 1037 1466; x_wconf 87' lang='lat' dir='ltr'>giosi</span> <span class='ocrx_word' id='word_1_33' title='bbox 1080 1402 1123 1444; x_wconf 87' lang='lat' dir='ltr'>a</span> <span class='ocrx_word' id='word_1_34' title='bbox 1168 1380 1436 1443; x_wconf 90' lang='lat' dir='ltr'>domino</span> <span class='ocrx_word' id='word_1_35' title='bbox 1484 1377 1916 1443; x_wconf 84' lang='lat' dir='ltr'>Ambianensi</span> <span class='ocrx_word' id='word_1_36' title='bbox 1961 1378 2299 1456; x_wconf 86' lang='lat' dir='ltr'>destinati,</span> <span class='ocrx_word' id='word_1_37' title='bbox 2345 1380 2701 1456; x_wconf 88' lang='lat' dir='ltr'>intuentes,</span> <span class='ocrx_word' id='word_1_38' title='bbox 2763 1378 2982 1465; x_wconf 77' lang='lat' dir='ltr'>gavisi</span> 
     </span>
     <span class='ocr_line' id='line_1_8' title="bbox 870 1480 2982 1568; baseline -0 -22"><span class='ocrx_word' id='word_1_39' title='bbox 870 1486 1029 1546; x_wconf 91' lang='lat' dir='ltr'>sunt</span> <span class='ocrx_word' id='word_1_40' title='bbox 1056 1482 1300 1568; x_wconf 80' lang='lat' dir='ltr'>gaudio</span> <span class='ocrx_word' id='word_1_41' title='bbox 1345 1502 1587 1567; x_wconf 84' lang='lat' dir='ltr'>magno</span> <span class='ocrx_word' id='word_1_42' title='bbox 1616 1480 1850 1544; x_wconf 84' lang='lat' dir='ltr'>valde:</span> <span class='ocrx_word' id='word_1_43' title='bbox 1896 1486 1966 1546; x_wconf 89' lang='lat' dir='ltr'>et</span> <span class='ocrx_word' id='word_1_44' title='bbox 1995 1480 2248 1544; x_wconf 87' lang='lat' dir='ltr'>nullam</span> <span class='ocrx_word' id='word_1_45' title='bbox 2278 1502 2530 1546; x_wconf 88' lang='lat' dir='ltr'>moram</span> <span class='ocrx_word' id='word_1_46' title='bbox 2559 1480 2982 1559; x_wconf 67' lang='lat' dir='ltr'>sustinentes,</span> 
     </span>
     <span class='ocr_line' id='line_1_9' title="bbox 862 1583 2982 1671; baseline -0 -22"><span class='ocrx_word' id='word_1_47' title='bbox 862 1584 1063 1670; x_wconf 83' lang='lat' dir='ltr'>juxta</span> <span class='ocrx_word' id='word_1_48' title='bbox 1106 1584 1385 1649; x_wconf 86' lang='lat' dir='ltr'>formam</span> <span class='ocrx_word' id='word_1_49' title='bbox 1432 1604 1632 1668; x_wconf 88' lang='lat' dir='ltr'>quam</span> <span class='ocrx_word' id='word_1_50' title='bbox 1694 1583 1789 1647; x_wconf 91' lang='lat' dir='ltr'>eis</span> <span class='ocrx_word' id='word_1_51' title='bbox 1856 1583 2162 1647; x_wconf 90' lang='lat' dir='ltr'>dominus</span> <span class='ocrx_word' id='word_1_52' title='bbox 2231 1604 2408 1671; x_wconf 84' lang='lat' dir='ltr'>papa</span> <span class='ocrx_word' id='word_1_53' title='bbox 2473 1585 2982 1670; x_wconf 71' lang='lat' dir='ltr'>praescripserat,</span> 
     </span>
     <span class='ocr_line' id='line_1_10' title="bbox 872 1684 2984 1771; baseline -0 -20"><span class='ocrx_word' id='word_1_54' title='bbox 872 1685 1314 1752; x_wconf 78' lang='lat' dir='ltr'>incontinenti</span> <span class='ocrx_word' id='word_1_55' title='bbox 1358 1708 1463 1751; x_wconf 88' lang='lat' dir='ltr'>me</span> <span class='ocrx_word' id='word_1_56' title='bbox 1508 1707 1550 1750; x_wconf 84' lang='lat' dir='ltr'>a</span> <span class='ocrx_word' id='word_1_57' title='bbox 1594 1684 1968 1771; x_wconf 80' lang='lat' dir='ltr'>suspicione</span> <span class='ocrx_word' id='word_1_58' title='bbox 2013 1707 2148 1771; x_wconf 79' lang='lat' dir='ltr'>qua</span> <span class='ocrx_word' id='word_1_59' title='bbox 2201 1685 2474 1751; x_wconf 84' lang='lat' dir='ltr'>tenebar</span> <span class='ocrx_word' id='word_1_60' title='bbox 2533 1687 2984 1763; x_wconf 81' lang='lat' dir='ltr'>absolverunt,</span> 
     </span>
     <span class='ocr_line' id='line_1_11' title="bbox 873 1787 2982 1875; baseline 0 -22"><span class='ocrx_word' id='word_1_61' title='bbox 873 1789 1199 1853; x_wconf 85' lang='lat' dir='ltr'>universis</span> <span class='ocrx_word' id='word_1_62' title='bbox 1268 1788 1383 1873; x_wconf 89' lang='lat' dir='ltr'>qui</span> <span class='ocrx_word' id='word_1_63' title='bbox 1452 1787 1732 1853; x_wconf 85' lang='lat' dir='ltr'>aderant</span> <span class='ocrx_word' id='word_1_64' title='bbox 1798 1787 2342 1854; x_wconf 84' lang='lat' dir='ltr'>benedicentibus</span> <span class='ocrx_word' id='word_1_65' title='bbox 2403 1789 2787 1867; x_wconf 90' lang='lat' dir='ltr'>Dominum,</span> <span class='ocrx_word' id='word_1_66' title='bbox 2863 1790 2982 1875; x_wconf 91' lang='lat' dir='ltr'>qui</span> 
     </span>
     <span class='ocr_line' id='line_1_12' title="bbox 871 1890 2984 1978; baseline 0 -21"><span class='ocrx_word' id='word_1_67' title='bbox 871 1892 1187 1978; x_wconf 88' lang='lat' dir='ltr'>superbos</span> <span class='ocrx_word' id='word_1_68' title='bbox 1230 1890 1561 1967; x_wconf 86' lang='lat' dir='ltr'>humiliat,</span> <span class='ocrx_word' id='word_1_69' title='bbox 1610 1891 1727 1976; x_wconf 89' lang='lat' dir='ltr'>qui</span> <span class='ocrx_word' id='word_1_70' title='bbox 1794 1892 2128 1976; x_wconf 83' lang='lat' dir='ltr'>sapientes</span> <span class='ocrx_word' id='word_1_71' title='bbox 2171 1891 2246 1955; x_wconf 87' lang='lat' dir='ltr'>in</span> <span class='ocrx_word' id='word_1_72' title='bbox 2307 1893 2559 1958; x_wconf 84' lang='lat' dir='ltr'>astutia</span> <span class='ocrx_word' id='word_1_73' title='bbox 2621 1914 2744 1957; x_wconf 84' lang='lat' dir='ltr'>sua</span> <span class='ocrx_word' id='word_1_74' title='bbox 2807 1914 2984 1957; x_wconf 90' lang='lat' dir='ltr'>com-</span> 
     </span>
     <span class='ocr_line' id='line_1_13' title="bbox 872 1993 2986 2081; baseline -0 -21"><span class='ocrx_word' id='word_1_75' title='bbox 872 1994 1243 2081; x_wconf 88' lang='lat' dir='ltr'>prehendit,</span> <span class='ocrx_word' id='word_1_76' title='bbox 1286 1993 1403 2080; x_wconf 89' lang='lat' dir='ltr'>qui</span> <span class='ocrx_word' id='word_1_77' title='bbox 1436 1994 1519 2059; x_wconf 88' lang='lat' dir='ltr'>de</span> <span class='ocrx_word' id='word_1_78' title='bbox 1562 1993 2014 2059; x_wconf 85' lang='lat' dir='ltr'>misericordia</span> <span class='ocrx_word' id='word_1_79' title='bbox 2057 2016 2180 2059; x_wconf 84' lang='lat' dir='ltr'>sua</span> <span class='ocrx_word' id='word_1_80' title='bbox 2207 2000 2682 2081; x_wconf 68' lang='lat' dir='ltr'>praesumentes</span> <span class='ocrx_word' id='word_1_81' title='bbox 2725 1995 2986 2071; x_wconf 81' lang='lat' dir='ltr'>liberat,</span> 
     </span>
     <span class='ocr_line' id='line_1_14' title="bbox 873 2096 2988 2184; baseline -0 -22"><span class='ocrx_word' id='word_1_82' title='bbox 873 2101 945 2162; x_wconf 88' lang='lat' dir='ltr'>et</span> <span class='ocrx_word' id='word_1_83' title='bbox 986 2096 1244 2163; x_wconf 82' lang='lat' dir='ltr'>vinctos</span> <span class='ocrx_word' id='word_1_84' title='bbox 1306 2096 1532 2161; x_wconf 77' lang='lat' dir='ltr'>educit</span> <span class='ocrx_word' id='word_1_85' title='bbox 1576 2096 1649 2160; x_wconf 89' lang='lat' dir='ltr'>in</span> <span class='ocrx_word' id='word_1_86' title='bbox 1710 2096 2120 2163; x_wconf 88' lang='lat' dir='ltr'>fortitudine.</span> <span class='ocrx_word' id='word_1_87' title='bbox 2212 2096 2352 2183; x_wconf 93' lang='lat' dir='ltr'>Ipsi</span> <span class='ocrx_word' id='word_1_88' title='bbox 2417 2098 2629 2184; x_wconf 85' lang='lat' dir='ltr'>gloria</span> <span class='ocrx_word' id='word_1_89' title='bbox 2673 2103 2744 2162; x_wconf 90' lang='lat' dir='ltr'>et</span> <span class='ocrx_word' id='word_1_90' title='bbox 2807 2117 2988 2161; x_wconf 88' lang='lat' dir='ltr'>nunc</span> 
     </span>
     <span class='ocr_line' id='line_1_15' title="bbox 874 2198 2986 2285; baseline -0.001 -20"><span class='ocrx_word' id='word_1_91' title='bbox 874 2204 943 2265; x_wconf 88' lang='lat' dir='ltr'>et</span> <span class='ocrx_word' id='word_1_92' title='bbox 985 2220 1105 2285; x_wconf 90' lang='lat' dir='ltr'>per</span> <span class='ocrx_word' id='word_1_93' title='bbox 1146 2199 1548 2265; x_wconf 80' lang='lat' dir='ltr'>immortalia</span> <span class='ocrx_word' id='word_1_94' title='bbox 1600 2198 1822 2265; x_wconf 83' lang='lat' dir='ltr'>secula</span> <span class='ocrx_word' id='word_1_95' title='bbox 1885 2199 2270 2265; x_wconf 88' lang='lat' dir='ltr'>seculorum.</span> <span class='ocrx_word' id='word_1_96' title='bbox 2363 2199 2598 2266; x_wconf 88' lang='lat' dir='ltr'>Amen.</span> <span class='ocrx_word' id='word_1_97' title='bbox 2701 2199 2986 2264; x_wconf 82' lang='lat' dir='ltr'>Veniam</span> 
     </span>
     <span class='ocr_line' id='line_1_16' title="bbox 872 2300 2986 2387; baseline -0.002 -20"><span class='ocrx_word' id='word_1_98' title='bbox 872 2306 1099 2367; x_wconf 87' lang='lat' dir='ltr'>autem</span> <span class='ocrx_word' id='word_1_99' title='bbox 1130 2300 1217 2367; x_wconf 81' lang='lat' dir='ltr'>ad</span> <span class='ocrx_word' id='word_1_100' title='bbox 1246 2323 1384 2378; x_wconf 89' lang='lat' dir='ltr'>vos,</span> <span class='ocrx_word' id='word_1_101' title='bbox 1415 2300 1707 2366; x_wconf 90' lang='lat' dir='ltr'>Domino</span> <span class='ocrx_word' id='word_1_102' title='bbox 1736 2300 2020 2379; x_wconf 86' lang='lat' dir='ltr'>volente,</span> <span class='ocrx_word' id='word_1_103' title='bbox 2067 2302 2140 2365; x_wconf 94' lang='lat' dir='ltr'>in</span> <span class='ocrx_word' id='word_1_104' title='bbox 2182 2301 2502 2387; x_wconf 81' lang='lat' dir='ltr'>proximo,</span> <span class='ocrx_word' id='word_1_105' title='bbox 2535 2306 2614 2366; x_wconf 91' lang='lat' dir='ltr'>ut</span> <span class='ocrx_word' id='word_1_106' title='bbox 2661 2301 2986 2387; x_wconf 86' lang='lat' dir='ltr'>gaudium</span> 
     </span>
     <span class='ocr_line' id='line_1_17' title="bbox 871 2402 2986 2488; baseline 0 -21"><span class='ocrx_word' id='word_1_107' title='bbox 871 2425 1093 2468; x_wconf 88' lang='lat' dir='ltr'>meum</span> <span class='ocrx_word' id='word_1_108' title='bbox 1140 2403 1213 2466; x_wconf 91' lang='lat' dir='ltr'>in</span> <span class='ocrx_word' id='word_1_109' title='bbox 1266 2402 1455 2468; x_wconf 85' lang='lat' dir='ltr'>vobis</span> <span class='ocrx_word' id='word_1_110' title='bbox 1516 2402 1891 2487; x_wconf 83' lang='lat' dir='ltr'>impleatur,</span> <span class='ocrx_word' id='word_1_111' title='bbox 1940 2424 2104 2488; x_wconf 91' lang='lat' dir='ltr'>quos</span> <span class='ocrx_word' id='word_1_112' title='bbox 2173 2424 2296 2488; x_wconf 88' lang='lat' dir='ltr'>ego</span> <span class='ocrx_word' id='word_1_113' title='bbox 2340 2403 2522 2470; x_wconf 87' lang='lat' dir='ltr'>ultra</span> <span class='ocrx_word' id='word_1_114' title='bbox 2587 2424 2788 2488; x_wconf 88' lang='lat' dir='ltr'>quam</span> <span class='ocrx_word' id='word_1_115' title='bbox 2851 2402 2986 2468; x_wconf 86' lang='lat' dir='ltr'>dici</span> 
     </span>
     <span class='ocr_line' id='line_1_18' title="bbox 872 2503 2982 2590; baseline -0.001 -22"><span class='ocrx_word' id='word_1_116' title='bbox 872 2504 1083 2590; x_wconf 85' lang='lat' dir='ltr'>possit</span> <span class='ocrx_word' id='word_1_117' title='bbox 1124 2504 1352 2569; x_wconf 87' lang='lat' dir='ltr'>videre</span> <span class='ocrx_word' id='word_1_118' title='bbox 1396 2504 1715 2569; x_wconf 89' lang='lat' dir='ltr'>desidero.</span> <span class='ocrx_word' id='word_1_119' title='bbox 1812 2504 2204 2569; x_wconf 83' lang='lat' dir='ltr'>Benedictio</span> <span class='ocrx_word' id='word_1_120' title='bbox 2234 2504 2362 2569; x_wconf 89' lang='lat' dir='ltr'>Dei</span> <span class='ocrx_word' id='word_1_121' title='bbox 2409 2504 2638 2590; x_wconf 78' lang='lat' dir='ltr'>patriS,</span> <span class='ocrx_word' id='word_1_122' title='bbox 2685 2510 2756 2569; x_wconf 90' lang='lat' dir='ltr'>et</span> <span class='ocrx_word' id='word_1_123' title='bbox 2801 2503 2982 2581; x_wconf 86' lang='lat' dir='ltr'>Filii,</span> 
     </span>
     <span class='ocr_line' id='line_1_19' title="bbox 875 2605 2983 2692; baseline 0 -21"><span class='ocrx_word' id='word_1_124' title='bbox 875 2612 945 2671; x_wconf 91' lang='lat' dir='ltr'>ct</span> <span class='ocrx_word' id='word_1_125' title='bbox 974 2606 1267 2691; x_wconf 89' lang='lat' dir='ltr'>Spiritus</span> <span class='ocrx_word' id='word_1_126' title='bbox 1298 2605 1530 2671; x_wconf 81' lang='lat' dir='ltr'>Sancti</span> <span class='ocrx_word' id='word_1_127' title='bbox 1560 2605 1923 2671; x_wconf 88' lang='lat' dir='ltr'>descendat</span> <span class='ocrx_word' id='word_1_128' title='bbox 1951 2626 2150 2691; x_wconf 86' lang='lat' dir='ltr'>super</span> <span class='ocrx_word' id='word_1_129' title='bbox 2177 2627 2296 2671; x_wconf 88' lang='lat' dir='ltr'>vos</span> <span class='ocrx_word' id='word_1_130' title='bbox 2325 2628 2446 2692; x_wconf 89' lang='lat' dir='ltr'>pro</span> <span class='ocrx_word' id='word_1_131' title='bbox 2477 2606 2670 2671; x_wconf 90' lang='lat' dir='ltr'>nobis</span> <span class='ocrx_word' id='word_1_132' title='bbox 2699 2610 2983 2672; x_wconf 78' lang='lat' dir='ltr'>orantes·</span> 
     </span>
     <span class='ocr_line' id='line_1_20' title="bbox 873 2706 2984 2794; baseline -0.002 -21"><span class='ocrx_word' id='word_1_133' title='bbox 873 2708 1047 2774; x_wconf 82' lang='lat' dir='ltr'>Acta</span> <span class='ocrx_word' id='word_1_134' title='bbox 1120 2714 1278 2773; x_wconf 89' lang='lat' dir='ltr'>sunt</span> <span class='ocrx_word' id='word_1_135' title='bbox 1353 2706 1499 2774; x_wconf 87' lang='lat' dir='ltr'>haec</span> <span class='ocrx_word' id='word_1_136' title='bbox 1558 2708 1848 2774; x_wconf 88' lang='lat' dir='ltr'>secunda</span> <span class='ocrx_word' id='word_1_137' title='bbox 1913 2706 2080 2773; x_wconf 83' lang='lat' dir='ltr'>feria</span> <span class='ocrx_word' id='word_1_138' title='bbox 2152 2714 2304 2794; x_wconf 86' lang='lat' dir='ltr'>post</span> <span class='ocrx_word' id='word_1_139' title='bbox 2365 2707 2784 2774; x_wconf 86' lang='lat' dir='ltr'>Dominicam</span> <span class='ocrx_word' id='word_1_140' title='bbox 2847 2728 2984 2791; x_wconf 85' lang='lat' dir='ltr'>qua</span> 
     </span>
     <span class='ocr_line' id='line_1_21' title="bbox 874 2808 2985 2895; baseline -0.002 -19"><span class='ocrx_word' id='word_1_141' title='bbox 874 2814 1185 2876; x_wconf 82' lang='lat' dir='ltr'>cantatur</span> <span class='ocrx_word' id='word_1_142' title='bbox 1258 2808 1569 2887; x_wconf 74' lang='lat' dir='ltr'>Gaudete,</span> <span class='ocrx_word' id='word_1_143' title='bbox 1618 2809 1726 2874; x_wconf 87' lang='lat' dir='ltr'>die</span> <span class='ocrx_word' id='word_1_144' title='bbox 1792 2810 1963 2875; x_wconf 88' lang='lat' dir='ltr'>festo</span> <span class='ocrx_word' id='word_1_145' title='bbox 2009 2810 2274 2875; x_wconf 71' lang='lat' dir='ltr'>Sanctae</span> <span class='ocrx_word' id='word_1_146' title='bbox 2335 2809 2574 2886; x_wconf 85' lang='lat' dir='ltr'>Luciae,</span> <span class='ocrx_word' id='word_1_147' title='bbox 2638 2808 2812 2895; x_wconf 80' lang='lat' dir='ltr'>apud</span> <span class='ocrx_word' id='word_1_148' title='bbox 2861 2808 2985 2872; x_wconf 86' lang='lat' dir='ltr'>Al-</span> 
     </span>
     <span class='ocr_line' id='line_1_22' title="bbox 871 2913 1275 2980; baseline 0.002 -1"><span class='ocrx_word' id='word_1_149' title='bbox 871 2913 1275 2980; x_wconf 79' lang='lat' dir='ltr'>bamarliam.</span> 
     </span>
    </p>
   </div>
   <div class='ocr_carea' id='block_1_5' title="bbox 1682 3397 2142 3466">
    <p class='ocr_par' dir='ltr' id='par_1_5' title="bbox 1682 3397 2142 3466">
     <span class='ocr_line' id='line_1_23' title="bbox 1682 3397 2142 3466; baseline 0 -2"><span class='ocrx_word' id='word_1_150' title='bbox 1682 3397 2142 3466; x_wconf 82' lang='lat' dir='ltr'>DCOLXVII.</span> 
     </span>
    </p>
   </div>
   <div class='ocr_carea' id='block_1_6' title="bbox 874 3553 2982 3723">
    <p class='ocr_par' dir='ltr' id='par_1_6' title="bbox 874 3553 2982 3723">
     <span class='ocr_line' id='line_1_24' title="bbox 874 3553 2982 3620; baseline -0 -1"><span class='ocrx_word' id='word_1_151' title='bbox 874 3556 1319 3620; x_wconf 74' lang='lat' dir='ltr'><strong>ALEXANDER</strong></span> <span class='ocrx_word' id='word_1_152' title='bbox 1363 3569 1540 3618; x_wconf 80' lang='lat' dir='ltr'>PAPA</span> <span class='ocrx_word' id='word_1_153' title='bbox 1580 3569 1678 3618; x_wconf 78' lang='lat' dir='ltr'>AD</span> <span class='ocrx_word' id='word_1_154' title='bbox 1707 3553 2338 3619; x_wconf 67' lang='lat' dir='ltr'>Romoumsusm</span> <span class='ocrx_word' id='word_1_155' title='bbox 2380 3569 2982 3620; x_wconf 73' lang='lat' dir='ltr'>Ancnmpiscopou</span> 
     </span>
     <span class='ocr_line' id='line_1_25' title="bbox 1386 3657 2486 3723; baseline 0.003 -3"><span class='ocrx_word' id='word_1_156' title='bbox 1386 3673 1471 3720; x_wconf 77' lang='lat' dir='ltr'>m·</span> <span class='ocrx_word' id='word_1_157' title='bbox 1517 3657 2040 3721; x_wconf 72' lang='lat' dir='ltr'>AMBIANENSEM</span> <span class='ocrx_word' id='word_1_158' title='bbox 2087 3672 2486 3723; x_wconf 78' lang='lat' dir='ltr'><strong>EPISOOPUM.</strong></span> 
     </span>
    </p>
   </div>
   <div class='ocr_carea' id='block_1_7' title="bbox 1114 3825 2718 3890">
    <p class='ocr_par' dir='ltr' id='par_1_7' title="bbox 1114 3825 2718 3890">
     <span class='ocr_line' id='line_1_26' title="bbox 1114 3825 2718 3890; baseline -0.001 -12"><span class='ocrx_word' id='word_1_159' title='bbox 1114 3827 1208 3890; x_wconf 90' lang='lat' dir='ltr'>(D.</span> <span class='ocrx_word' id='word_1_160' title='bbox 1234 3831 1331 3887; x_wconf 73' lang='lat'>923</span> <span class='ocrx_word' id='word_1_161' title='bbox 1368 3826 1425 3879; x_wconf 90' lang='lat' dir='ltr'>c.</span> <span class='ocrx_word' id='word_1_162' title='bbox 1452 3829 1581 3887; x_wconf 72' lang='lat'>2263</span> <span class='ocrx_word' id='word_1_163' title='bbox 1616 3826 1685 3876; x_wconf 89' lang='lat' dir='ltr'>D.</span> <span class='ocrx_word' id='word_1_164' title='bbox 1712 3831 1805 3886; x_wconf 69' lang='lat'>923</span> <span class='ocrx_word' id='word_1_165' title='bbox 1842 3825 2024 3877; x_wconf 78' lang='lat' dir='ltr'>Thom.</span> <span class='ocrx_word' id='word_1_166' title='bbox 2049 3830 2181 3886; x_wconf 77' lang='lat'>2613</span> <span class='ocrx_word' id='word_1_167' title='bbox 2218 3825 2282 3876; x_wconf 85' lang='lat' dir='ltr'>R.</span> <span class='ocrx_word' id='word_1_168' title='bbox 2307 3826 2508 3878; x_wconf 79' lang='lat' dir='ltr'>Hoved.</span> <span class='ocrx_word' id='word_1_169' title='bbox 2531 3825 2582 3876; x_wconf 85' lang='lat' dir='ltr'>ii.</span> <span class='ocrx_word' id='word_1_170' title='bbox 2608 3829 2718 3888; x_wconf 74' lang='lat'><strong>32.)</strong></span> 
     </span>
    </p>
   </div>
   <div class='ocr_carea' id='block_1_8' title="bbox 872 3963 2980 4459">
    <p class='ocr_par' dir='ltr' id='par_1_8' title="bbox 872 3963 2980 4339">
     <span class='ocr_line' id='line_1_27' title="bbox 964 3963 2980 4050; baseline 0 -20"><span class='ocrx_word' id='word_1_171' title='bbox 964 3965 1347 4031; x_wconf 83' lang='lat' dir='ltr'>Alexander</span> <span class='ocrx_word' id='word_1_172' title='bbox 1408 3964 1766 4050; x_wconf 90' lang='lat' dir='ltr'>episcopus,</span> <span class='ocrx_word' id='word_1_173' title='bbox 1823 3985 2052 4029; x_wconf 89' lang='lat' dir='ltr'>servus</span> <span class='ocrx_word' id='word_1_174' title='bbox 2115 3985 2450 4030; x_wconf 85' lang='lat' dir='ltr'>servorum</span> <span class='ocrx_word' id='word_1_175' title='bbox 2511 3963 2656 4046; x_wconf 89' lang='lat' dir='ltr'>Dei,</span> <span class='ocrx_word' id='word_1_176' title='bbox 2704 3986 2980 4030; x_wconf 81' lang='lat' dir='ltr'>venera-</span> 
     </span>
     <span class='ocr_line' id='line_1_28' title="bbox 872 4066 2975 4153; baseline -0.002 -17"><span class='ocrx_word' id='word_1_177' title='bbox 872 4069 1119 4136; x_wconf 84' lang='lat' dir='ltr'>bilibus</span> <span class='ocrx_word' id='word_1_178' title='bbox 1178 4067 1495 4133; x_wconf 85' lang='lat' dir='ltr'>fratribus</span> <span class='ocrx_word' id='word_1_179' title='bbox 1555 4066 2073 4153; x_wconf 81' lang='lat' dir='ltr'>Rothomagensi</span> <span class='ocrx_word' id='word_1_180' title='bbox 2135 4067 2620 4152; x_wconf 84' lang='lat' dir='ltr'>archiepiscopo</span> <span class='ocrx_word' id='word_1_181' title='bbox 2685 4072 2755 4132; x_wconf 89' lang='lat' dir='ltr'>et</span> <span class='ocrx_word' id='word_1_182' title='bbox 2813 4067 2975 4131; x_wconf 89' lang='lat' dir='ltr'>Am-</span> 
     </span>
     <span class='ocr_line' id='line_1_29' title="bbox 874 4167 2977 4255; baseline -0.001 -19"><span class='ocrx_word' id='word_1_183' title='bbox 874 4169 1176 4238; x_wconf 86' lang='lat' dir='ltr'>bianensi</span> <span class='ocrx_word' id='word_1_184' title='bbox 1255 4168 1571 4255; x_wconf 89' lang='lat' dir='ltr'>episcop0,</span> <span class='ocrx_word' id='word_1_185' title='bbox 1649 4167 1928 4232; x_wconf 85' lang='lat' dir='ltr'>salutem</span> <span class='ocrx_word' id='word_1_186' title='bbox 2020 4173 2090 4234; x_wconf 86' lang='lat' dir='ltr'>et</span> <span class='ocrx_word' id='word_1_187' title='bbox 2163 4167 2586 4253; x_wconf 82' lang='lat' dir='ltr'>apostolicam</span> <span class='ocrx_word' id='word_1_188' title='bbox 2673 4167 2977 4234; x_wconf 87' lang='lat' dir='ltr'>benedic·</span> 
     </span>
     <span class='ocr_line' id='line_1_30' title="bbox 872 4273 1138 4339; baseline -0.011 0"><span class='ocrx_word' id='word_1_189' title='bbox 872 4273 1138 4339; x_wconf 88' lang='lat' dir='ltr'>tionem.</span> 
     </span>
    </p>

    <p class='ocr_par' dir='ltr' id='par_1_9' title="bbox 963 4371 2971 4459">
     <span class='ocr_line' id='line_1_31' title="bbox 963 4371 2971 4459; baseline -0.002 -20"><span class='ocrx_word' id='word_1_190' title='bbox 963 4373 1397 4439; x_wconf 81' lang='lat' dir='ltr'>Fratemitati</span> <span class='ocrx_word' id='word_1_191' title='bbox 1449 4377 1688 4437; x_wconf 86' lang='lat' dir='ltr'>vestrae</span> <span class='ocrx_word' id='word_1_192' title='bbox 1751 4393 1888 4437; x_wconf 88' lang='lat' dir='ltr'>non</span> <span class='ocrx_word' id='word_1_193' title='bbox 1949 4372 2274 4438; x_wconf 87' lang='lat' dir='ltr'>credimus</span> <span class='ocrx_word' id='word_1_194' title='bbox 2341 4393 2479 4437; x_wconf 85' lang='lat' dir='ltr'>esse</span> <span class='ocrx_word' id='word_1_195' title='bbox 2541 4371 2971 4459; x_wconf 86' lang='lat' dir='ltr'>incognitum,</span> 
     </span>
    </p>
   </div>
   <div class='ocr_carea' id='block_1_9' title="bbox 537 4474 2975 4562">
    <p class='ocr_par' dir='ltr' id='par_1_10' title="bbox 537 4474 2975 4562">
     <span class='ocr_line' id='line_1_32' title="bbox 537 4474 2975 4562; baseline -0.001 -20"><span class='ocrx_word' id='word_1_196' title='bbox 537 4478 763 4529; x_wconf 79' lang='lat' dir='ltr'>nication</span> <span class='ocrx_word' id='word_1_197' title='bbox 786 4478 849 4528; x_wconf 83' lang='lat' dir='ltr'>of</span> <span class='ocrx_word' id='word_1_198' title='bbox 876 4500 1027 4544; x_wconf 90' lang='lat' dir='ltr'>cum</span> <span class='ocrx_word' id='word_1_199' title='bbox 1073 4477 1253 4542; x_wconf 82' lang='lat' dir='ltr'>fama</span> <span class='ocrx_word' id='word_1_200' title='bbox 1314 4475 1643 4542; x_wconf 81' lang='lat' dir='ltr'>referente</span> <span class='ocrx_word' id='word_1_201' title='bbox 1705 4475 1795 4539; x_wconf 89' lang='lat' dir='ltr'>sit</span> <span class='ocrx_word' id='word_1_202' title='bbox 1855 4475 1928 4538; x_wconf 91' lang='lat' dir='ltr'>in</span> <span class='ocrx_word' id='word_1_203' title='bbox 1981 4495 2222 4560; x_wconf 83' lang='lat' dir='ltr'>magna</span> <span class='ocrx_word' id='word_1_204' title='bbox 2282 4479 2472 4559; x_wconf 82' lang='lat' dir='ltr'>parte</span> <span class='ocrx_word' id='word_1_205' title='bbox 2517 4474 2695 4540; x_wconf 89' lang='lat' dir='ltr'>orbis</span> <span class='ocrx_word' id='word_1_206' title='bbox 2741 4474 2975 4562; x_wconf 86' lang='lat' dir='ltr'>vulga·</span> 
     </span>
    </p>
   </div>
   <div class='ocr_carea' id='block_1_10' title="bbox 537 4544 833 4662">
    <p class='ocr_par' dir='ltr' id='par_1_11' title="bbox 537 4544 833 4662">
     <span class='ocr_line' id='line_1_33' title="bbox 537 4544 833 4606; baseline 0 -11"><span class='ocrx_word' id='word_1_207' title='bbox 537 4545 625 4596; x_wconf 85' lang='lat' dir='ltr'>the</span> <span class='ocrx_word' id='word_1_208' title='bbox 648 4544 833 4606; x_wconf 80' lang='lat' dir='ltr'>bishop</span> 
     </span>
     <span class='ocr_line' id='line_1_34' title="bbox 538 4612 832 4662; baseline -0.007 0"><span class='ocrx_word' id='word_1_209' title='bbox 538 4612 601 4662; x_wconf 78' lang='lat' dir='ltr'>of</span> <span class='ocrx_word' id='word_1_210' title='bbox 614 4613 832 4661; x_wconf 85' lang='lat' dir='ltr'>London</span> 
     </span>
    </p>
   </div>
   <div class='ocr_carea' id='block_1_11' title="bbox 536 4677 849 4730">
    <p class='ocr_par' dir='ltr' id='par_1_12' title="bbox 536 4677 849 4730">
     <span class='ocr_line' id='line_1_35' title="bbox 536 4677 849 4730; baseline 0 -2"><span class='ocrx_word' id='word_1_211' title='bbox 536 4679 639 4728; x_wconf 77' lang='lat' dir='ltr'>and</span> <span class='ocrx_word' id='word_1_212' title='bbox 661 4677 849 4730; x_wconf 84' lang='lat' dir='ltr'>others.</span> 
     </span>
    </p>
   </div>
   <div class='ocr_carea' id='block_1_12' title="bbox 874 4575 2978 4872">
    <p class='ocr_par' dir='ltr' id='par_1_13' title="bbox 874 4575 2978 4872">
     <span class='ocr_line' id='line_1_36' title="bbox 875 4575 2978 4665; baseline -0.001 -20"><span class='ocrx_word' id='word_1_213' title='bbox 875 4587 1039 4657; x_wconf 92' lang='lat' dir='ltr'>tum,</span> <span class='ocrx_word' id='word_1_214' title='bbox 1072 4577 1357 4665; x_wconf 81' lang='lat' dir='ltr'>qualiter</span> <span class='ocrx_word' id='word_1_215' title='bbox 1410 4577 1646 4642; x_wconf 69' lang='lat' dir='ltr'>fratres</span> <span class='ocrx_word' id='word_1_216' title='bbox 1676 4577 1886 4641; x_wconf 87' lang='lat' dir='ltr'>nostri</span> <span class='ocrx_word' id='word_1_217' title='bbox 1933 4575 2332 4641; x_wconf 87' lang='lat' dir='ltr'>Gillebertus</span> <span class='ocrx_word' id='word_1_218' title='bbox 2377 4576 2852 4642; x_wconf 87' lang='lat' dir='ltr'>Londoniensis</span> <span class='ocrx_word' id='word_1_219' title='bbox 2905 4583 2978 4642; x_wconf 90' lang='lat' dir='ltr'>et</span> 
     </span>
     <span class='ocr_line' id='line_1_37' title="bbox 874 4678 2975 4767; baseline -0.002 -19"><span class='ocrx_word' id='word_1_220' title='bbox 874 4682 991 4748; x_wconf 82' lang='lat' dir='ltr'>alii</span> <span class='ocrx_word' id='word_1_221' title='bbox 1022 4681 1309 4767; x_wconf 88' lang='lat' dir='ltr'>episcopi</span> <span class='ocrx_word' id='word_1_222' title='bbox 1354 4678 1633 4766; x_wconf 85' lang='lat' dir='ltr'>Angliae,</span> <span class='ocrx_word' id='word_1_223' title='bbox 1665 4679 2062 4764; x_wconf 86' lang='lat' dir='ltr'>quibusdam</span> <span class='ocrx_word' id='word_1_224' title='bbox 2099 4679 2312 4744; x_wconf 83' lang='lat' dir='ltr'>causis</span> <span class='ocrx_word' id='word_1_225' title='bbox 2357 4679 2975 4756; x_wconf 76' lang='lat' dir='ltr'>intervenientibUS,</span> 
     </span>
     <span class='ocr_line' id='line_1_38' title="bbox 877 4782 2975 4872; baseline -0 -22"><span class='ocrx_word' id='word_1_226' title='bbox 877 4785 1211 4872; x_wconf 82' lang='lat' dir='ltr'>quondam</span> <span class='ocrx_word' id='word_1_227' title='bbox 1255 4783 1506 4849; x_wconf 88' lang='lat' dir='ltr'>fuerint</span> <span class='ocrx_word' id='word_1_228' title='bbox 1548 4782 1634 4848; x_wconf 84' lang='lat' dir='ltr'>ab</span> <span class='ocrx_word' id='word_1_229' title='bbox 1681 4782 1892 4849; x_wconf 87' lang='lat' dir='ltr'>officio</span> <span class='ocrx_word' id='word_1_230' title='bbox 1937 4805 2055 4848; x_wconf 93' lang='lat' dir='ltr'>suo</span> <span class='ocrx_word' id='word_1_231' title='bbox 2101 4783 2494 4849; x_wconf 85' lang='lat' dir='ltr'>auctoritate</span> <span class='ocrx_word' id='word_1_232' title='bbox 2555 4789 2780 4849; x_wconf 85' lang='lat' dir='ltr'>nostra</span> <span class='ocrx_word' id='word_1_233' title='bbox 2832 4805 2975 4849; x_wconf 88' lang='lat' dir='ltr'>sus-</span> 
     </span>
    </p>
   </div>
  </div>
 </body>
</html>
