3634 5800
548 1371 812 1425 Rebellion

548 1440 609 1489 of
623 1440 703 1491 his
726 1456 843 1491 sons

550 1522 669 1571 sup-

548 1575 767 1637 pressea.

893 843 1021 913 576
1760 864 2121 915 Ems'roLAE.
2603 852 2764 937 [Am.
2803 852 2998 923 1177.

884 1049 1311 1116 subvertione
1376 1050 1745 1119 Jerusalem
1814 1053 2079 1140 integra
2145 1057 2215 1119 et
2281 1054 2540 1121 intacta
2584 1053 2997 1141 permansit;

888 1172 1169 1238 cumque
1215 1152 1439 1219 omnia
1482 1158 1890 1222 evacuentur
1957 1155 2030 1221 in
2075 1160 2307 1234 morte,
2351 1157 2618 1223 dilectio
2663 1156 2738 1221 in
2779 1160 2998 1222 morte

884 1276 1017 1321 non
1062 1256 1361 1333 moritur,
1404 1254 1593 1341 cujus
1636 1254 2026 1321 fortitudini
2071 1278 2243 1321 mors
2288 1257 2704 1324 succumbit.l

974 1356 1276 1445 Regnum
1339 1356 1604 1442 quidem
1667 1355 1931 1441 Angliae
1991 1357 2168 1441 quod
2211 1358 2530 1423 adversus
2575 1378 2796 1443 regem
2845 1355 2995 1421 Ste-

884 1457 1181 1545 phanum
1257 1460 1459 1524 armis
1542 1458 2074 1523 strenuissimum
2094 1456 2120 1496 ²
2181 1458 2534 1525 sudoribus
2609 1459 2995 1525 obtinuerat,

882 1559 1149 1639 belbeis,
1212 1560 1371 1626 licet
1437 1559 1968 1625 adolescentulus
2013 1564 2084 1624 et
2149 1565 2589 1647 contemptae,
2657 1560 2782 1624 filii
2847 1558 2992 1644 ejus

882 1660 1152 1729 oonsilio
1198 1668 1269 1727 et
1312 1660 1562 1726 auxilio
1592 1682 1825 1748 regum
1867 1665 1937 1728 et
1965 1661 2338 1749 principum
2383 1661 2989 1747 circumjacentium

879 1764 1075 1851 gravi
1148 1764 1473 1829 seditione
1539 1764 1989 1830 turbaverant.
2105 1763 2260 1851 Ipse
2318 1770 2564 1844 autem,
2625 1764 2988 1831 destitutus

880 1866 1018 1931 suis
1050 1869 1117 1932 et
1144 1866 1233 1931 ab
1264 1865 1597 1931 extraneis
1642 1866 2094 1951 impugnatuS,
2138 1866 2255 1931 illo
2285 1867 2622 1953 aspirante
2641 1862 2667 1905 ³
2695 1867 2768 1932 in
2797 1865 2986 1951 cujus

880 1969 1131 2034 virtute
1190 1989 1365 2033 unus
1432 1968 1625 2054 fugat
1668 1968 1896 2033 decem
1941 1966 2166 2045 millia,
2233 1968 2591 2053 praevaluit
2633 1966 2983 2043 universi&

877 2070 1190 2156 deditque
1257 2070 1329 2135 in
1398 2090 1635 2134 manus
1722 2069 1868 2155 ejus
1958 2062 2190 2134 hostes'
2259 2090 2414 2135 suos
2478 2069 2822 2146 Dominus,
2895 2068 2988 2133 ad

873 2172 1239 2258 alligandos
1262 2183 1288 2222 ⁴
1364 2192 1549 2257 reges
1622 2192 1849 2236 eorum
1926 2170 1998 2235 in
2073 2170 2509 2256 compedibuS,
2585 2176 2656 2236 et
2727 2168 2987 2235 nobiles

874 2296 1101 2339 eorum
1168 2274 1241 2338 in
1308 2272 1584 2339 manicis
1650 2272 1896 2337 ferreis,
1992 2272 2117 2338 Ille
2189 2274 2373 2359 [ergo
2393 2272 2446 2357 ⁵]
2494 2272 2611 2358 qui
2655 2271 2988 2339 convertit

872 2376 1069 2443 corda
1144 2376 1433 2441 filiorum
1508 2376 1595 2441 ad
1669 2380 1946 2461 patrem,
2022 2375 2198 2459 ipsos
2214 2372 2242 2413 ⁶
2315 2376 2387 2439 in
2477 2375 2718 2441 affectu
2793 2373 2984 2439 filiali

806 2500 811 2511 ·
873 2480 1193 2555 nutriens,
1239 2479 1458 2544 sedem
1523 2478 1733 2564 patris
1802 2478 1871 2541 in
1941 2482 2242 2563 tempora
2308 2478 2506 2564 longa
2549 2477 2864 2555 stabiliat,
2911 2482 2986 2541 et

871 2582 1078 2648 faciat
1121 2602 1372 2668 pacem.
1466 2581 1615 2647 Scio
1660 2581 1840 2647 enim
1887 2580 2064 2666 quod
2108 2582 2167 2645 si
2213 2581 2387 2647 bella
2429 2583 2673 2647 iterum
2701 2580 2978 2646 suscita-

872 2684 1095 2749 verint
1140 2684 1212 2747 in
1282 2688 1625 2770 parentem
1670 2682 1963 2747 succidet
2021 2703 2131 2748 eos
2191 2682 2534 2748 Dominus.
2626 2682 2802 2747 Nam
2849 2682 2982 2747 Dei

862 2786 1118 2872 judicio
1163 2791 1232 2852 et
1294 2785 1435 2871 lege
1499 2783 1693 2849 fatali
1757 2784 2086 2850 sancitum
2153 2791 2269 2863 est,
2333 2791 2412 2852 ut
2477 2784 2849 2871 quicunque
2894 2784 2980 2849 de

870 2888 1448 2976 consanguinitate
1534 2887 1716 2952 illius
1784 2886 1976 2954 bellis
2051 2888 2272 2973 ipsum
2349 2887 2736 2975 impugnare
2809 2909 2982 2973 prae-

866 2993 1241 3079 sumpserit,
1319 3012 1457 3056 non
1504 2988 1813 3054 dimidiet
1890 2989 2032 3054 dies
2100 3011 2271 3055 suos,
2399 2989 2548 3055 Hoc
2614 2995 2836 3054 autem
2903 2990 2981 3053 in

865 3094 1036 3160 libro
1083 3093 1513 3180 experientiae
1552 3093 1695 3178 jam
1741 3093 1824 3157 de
1855 3092 2085 3158 multis
2114 3093 2410 3180 legimuS,
2441 3098 2512 3158 et
2541 3092 2672 3157 fide
2717 3092 2984 3158 oculata

862 3196 1307 3283 cognovimus,
1398 3192 1675 3259 valete?
2875 3191 2884 3196 ’

1659 3607 2166 3676 DCCXCVIII.

980 3750 1089 3813 Ex
1136 3762 1461 3812 nmsrom
1506 3746 1875 3812 Hmmnnrt
1923 3762 2348 3812 Exsum‘ns
2393 3763 2557 3812 rosr
2600 3746 2859 3812 SANort

1057 3850 1333 3914 THOMAE
1381 3864 1823 3913 MARTYRIUM‘
1850 3859 1948 3912 An
1992 3849 2498 3913 ALEXANDRUM
2543 3864 2790 3913 PAPAM.

1634 3985 1722 4050 (P.
1748 3991 1846 4046 843
1881 3986 2039 4036 Herb.
2063 3987 2176 4047 34.)

953 4104 1147 4186 Quod
1222 4107 1432 4168 tantae
1506 4103 1639 4188 maj
1647 4102 1878 4167 estatis
1952 4102 2158 4168 oculis
2233 4103 2528 4188 parvitas
2603 4125 2750 4170 mea
2834 4127 2972 4170 non

860 4209 1079 4272 minus
1124 4205 1546 4292 impudenter
1592 4225 1791 4291 quam
1839 4205 2274 4270 irreverenter
2303 4227 2374 4271 se
2421 4206 2685 4292 ingerit,
2731 4228 2972 4293 quaese,

927 4455 943 4487 ¹
976 4453 1275 4516 succumbet,
1316 4452 1439 4504 with
1479 4450 1762 4504 correction
1807 4452 1863 4501 in
2029 4453 2050 4485 ⁶
2085 4470 2217 4519 erqo,
2239 4469 2338 4505 om.
2361 4455 2424 4518 P,
2447 4455 2505 4506 Ζ.

855 4551 1037 4601 marg„
1063 4535 1121 4585 Z.
2031 4529 2053 4562 ⁶
2085 4533 2226 4597 ipsos
2270 4535 2510 4594 nutv-iens,
2549 4535 2614 4597 P,
2653 4537 2726 4596 Z;
2773 4537 2879 4601 ipse
2918 4539 2973 4586 in

924 4616 947 4648 2
980 4613 1336 4672 strenuissime,
1360 4610 1417 4661 Z.
1951 4607 2087 4672 filiis
2120 4613 2286 4660 nostri
2317 4614 2453 4677 reqis
2485 4613 2690 4664 suscitet
2713 4621 2762 4663 et
2799 4615 2972 4664 mittat

923 4699 947 4733 s
978 4701 1311 4754 succurrente,
1338 4694 1402 4746 G,
1951 4687 2154 4751 filiales
2175 4698 2221 4739 et
2243 4691 2445 4740 devotos
2467 4692 2682 4758 affectus
2699 4714 2718 4753 ,-
2749 4695 2880 4759 ipse‚
2898 4695 2968 4748 G.

923 4779 945 4812 ⁴
978 4773 1313 4840 alliyandum,
1337 4773 1400 4823 G.
2031 4767 2054 4806 ⁷
2104 4767 2286 4831 Valete,
2310 4770 2366 4821 Ζ.
