3634 5800
867 847 997 914 198
1738 861 2103 916 musi-om.
2447 849 2609 935 [an.
2644 848 2971 921 1169-70.

874 1046 1157 1116 ecclesia
1200 1045 1330 1114 Dei
1373 1045 1579 1114 faciet
1636 1047 2130 1135 tempestivum.
2225 1046 2302 1114 Si
2345 1047 2564 1115 adhuc
2603 1049 2856 1116 residet
2899 1050 2972 1114 in

858 1149 1084 1216 animo
1127 1150 1270 1236 ejus
1314 1149 1631 1216 adversus
1692 1149 2232 1218 archidiaconum
2291 1148 2518 1235 aliqua
2579 1150 2970 1238 suspicionis

870 1252 1140 1331 occasio,
1184 1257 1545 1339 antequam
1590 1252 1876 1318 eundem
1920 1252 1996 1317 in
2039 1252 2396 1320 sacrarium
2459 1273 2598 1318 suae
2627 1253 2968 1320 familiari-

870 1354 1053 1428 tatis
1076 1353 1409 1432 admittat,
1454 1353 1653 1419 fidem
1697 1353 1908 1440 ipsius
1949 1354 2336 1440 experiatur
2365 1354 2688 1440 operibus,
2763 1355 2808 1420 J
2809 1377 2966 1422 osue

522 1447 633 1500 ³⁰⁸·
659 1465 708 1501 v.
740 1454 819 1504 13·
867 1456 1136 1542 quidem
1203 1475 1338 1523 non
1396 1456 1583 1542 prius
1644 1454 1980 1544 Angelum
2055 1457 2344 1524 amicum
2431 1456 2698 1543 recepit,
2763 1479 2966 1544 quam

870 1558 1157 1626 amicum
1200 1578 1339 1624 esse
1400 1562 1820 1646 cognoverat,
1861 1558 2212 1626 sciscitans
2263 1559 2456 1645 prius
2501 1580 2746 1625 suusne
2795 1565 2968 1626 esset

858 1681 947 1727 an
1020 1660 1563 1726 adversariorum.
1684 1659 1869 1725 Illud
1941 1660 2164 1727 verbis
2241 1681 2467 1727 assero
2541 1661 2964 1740 confidenter,

865 1763 1180 1850 quoniam
1224 1763 1283 1828 si
1326 1762 1824 1830 conversionem
1867 1761 2010 1850 ejus
2056 1783 2404 1851 procurare
2433 1762 2740 1842 voluerit,
2767 1762 2842 1828 in
2883 1785 2963 1831 eo

876 1866 1053 1952 quod
1100 1863 1377 1931 Saulum
1422 1865 1685 1951 reperit,
1728 1863 2012 1932 Paulum
2057 1865 2373 1932 inveniet.
2448 1863 2663 1952 Super
2691 1885 2963 1933 conver-

856 1968 1040 2034 sione
1084 1966 1413 2053 siquidem
1455 1972 1528 2033 et
1585 1966 1800 2034 salute
1845 1967 2294 2035 archidiaconi
2338 1968 2542 2034 anxia
2585 1967 2962 2036 sollicitudo

866 2090 974 2135 me
1019 2068 1240 2156 tangit
1262 2091 1278 2149 ;
1337 2089 1472 2134 non
1536 2068 1712 2134 enim
1779 2089 2049 2156 possum
2111 2091 2264 2135 eum
2323 2089 2460 2136 non
2514 2068 2786 2156 diligere
2849 2070 2965 2154 qui

868 2171 1249 2257 frequenter
1290 2168 1364 2236 in
1426 2169 1564 2236 suis
1632 2169 2138 2256 [dilectionibus
2199 2173 2298 2258 et]
2323 2169 2350 2208 ¹
2394 2169 2964 2240 benedictionibus

847 2295 954 2340 me
998 2272 1343 2360 praevenit.

1596 2719 1609 2728 ‘
1710 2710 2096 2780 DCXXIII.

914 2863 1361 2931 Ammnnn
1404 2863 1598 2931 PAPA
1640 2855 1979 2931 Rornono
2024 2863 2587 2930 Rornomomzffl
2629 2875 2881 2931 Anem-

959 2964 1330 3046 EP1sooPo,²
1374 2984 1461 3032 m*
1504 2966 1896 3033 Exi-numo
1941 2965 2390 3031 Nwmmmm
2407 2964 2434 3005 ³
2477 2981 2814 3033 Emscoro.

1154 3118 1250 3180 (A.
1275 3122 1339 3169 ³8
1360 3140 1373 3180 ς
1411 3119 1475 3170 Ο.
1494 3116 1548 3168 ii.
1574 3122 1673 3180 323
1698 3116 1753 3167 Ζ.
1784 3133 1833 3169 v.
1857 3122 1888 3168 8
1909 3139 1922 3180 ς
1957 3117 2088 3181 Lup.
2112 3133 2163 3167 v.
2187 3121 2250 3180 33
2290 3116 2474 3168 Thom.
2501 3118 2646 3180 253.)

505 3256 644 3307 AD.
668 3260 815 3311 1170·-
932 3247 1327 3315 Oea-issimus
1374 3250 1447 3313 in
1492 3246 1756 3315 Christo
1800 3248 1978 3313 filius
2021 3253 2248 3315 noster
2290 3247 2620 3315 Henricus
2661 3246 2950 3315 Illustris

502 3323 753 3440 ἐζῃωέιῗδ·
840 3350 1214 3439 Anglorum
1260 3372 1380 3417 rex
1423 3349 1632 3429 nobis,
1662 3371 1782 3436 per
1810 3350 2069 3416 litteras
2115 3354 2184 3415 et
2211 3349 2502 3427 nuntios,
2547 3349 2953 3437 significavit

504 3453 615 3505 sion
636 3455 733 3533 fos,
843 3453 1023 3539 quod
1068 3453 1209 3540 ipse
1252 3451 1617 3519 venerabili
1660 3450 1856 3517 fratri
1899 3456 2125 3518 nostro
2171 3450 2440 3517 Thomae
2483 3450 2952 3518 Cantuariensi

498 3535 621 3638 {1⁶3
618 3524 792 3574 ⁰⁰¹¹*
844 3554 1338 3641 archiepiscopo
1382 3559 1807 3630 concesserat,
1849 3556 1947 3633 ut,
1993 3574 2114 3640 pro
2157 3574 2376 3619 amore
2423 3552 2551 3617 Dei
2617 3556 2686 3618 et
2729 3559 2955 3620 nostro

845 3675 1108 3723 necnon
1198 3660 1268 3720 et
1356 3654 1643 3722 eeclesiae
1718 3654 2055 3747 Romame,
2144 3654 2228 3720 ad
2331 3652 2668 3721 ecclesiam
2757 3676 2948 3721 suam

840 3779 1067 3825 secure
1114 3755 1391 3835 veniret,
1438 3762 1506 3822 et
1568 3776 1714 3822 eam
1760 3761 1962 3841 atque
2006 3776 2234 3822 omnes
2277 3754 2713 3843 possessiones
2777 3777 2947 3835 suas,

844 3860 1017 3927 sicut
1062 3858 1300 3924 habuit
1344 3863 1703 3943 antequam
1749 3857 1965 3923 exiret
2009 3857 2169 3921 dum
2215 3856 2288 3921 in
2329 3857 2549 3945 gratia
2593 3877 2713 3923 sua
2755 3862 2944 3937 esset,

844 3964 918 4028 in
985 3983 1145 4049 pace
1208 3964 1465 4027 teneret
1532 3965 1733 4046 atque
1794 3958 2089 4036 haberet,
2152 3963 2222 4023 et
2281 3958 2385 4023 sui
2454 3958 2760 4025 similiter
2827 3960 2945 4045 qui

838 4064 1148 4130 exierunt
1168 4062 1196 4101 ⁴
1268 4082 1389 4147 pro
1410 4060 1434 4099 ὅ
1510 4082 1602 4127 e0.
1694 4060 1942 4127 Verum
2009 4060 2153 4146 jam
2215 4058 2378 4124 dicti
2453 4058 2676 4123 nuntii
2751 4060 2942 4125 nobis

836 4166 1012 4231 inter
1056 4169 1296 4231 caetera
1338 4167 1841 4250 proposuerunt,
1891 4160 2066 4247 quod
2110 4159 2424 4247 praefatus
2469 4182 2605 4237 rex,
2649 4161 2944 4247 graviter

492 4290 600 4341 The
628 4292 732 4342 mss
837 4273 1254 4355 provocatus,
1306 4267 1689 4332 firmaverat
1748 4287 1820 4330 se
1883 4269 2318 4329 memoratum
2379 4263 2940 4351 archiepiscopum

490 4358 548 4409 of
571 4374 741 4423 peace.
832 4371 903 4435 in
936 4370 1157 4437 osculo
1200 4369 1384 4455 pacis
1402 4366 1429 4407 ⁶
1457 4368 1843 4433 nullatenus
1887 4369 2302 4452 recepturum
2329 4388 2346 4445 ;
2391 4365 2498 4431 cui
2543 4369 2770 4431 tamen
2811 4366 2944 4451 pri-

898 4600 911 4632 ¹
950 4598 1293 4650 dilectionibus
1316 4606 1380 4661 et,
1404 4599 1519 4651 MS.
1999 4598 2021 4630 ⁴
2055 4597 2307 4660 exierunt,
2333 4598 2398 4658 Ο,
2421 4598 2459 4647 Ζ
2481 4616 2496 4657 ;
2529 4597 2778 4661 aierunt,
2797 4598 2858 4649 L.

890 4678 911 4711 2
946 4678 1343 4744 archiepiscopo,
1361 4678 1448 4740 A;
1482 4693 1584 4730 om.
1612 4676 1672 4729 1..
1995 4676 2015 4709 ⁵
2048 4693 2165 4742 pro,
2189 4677 2261 4738 A,
2288 4678 2360 4737 23
2395 4690 2494 4726 om.
2518 4676 2579 4727 L.

890 4760 912 4792 ³
960 4758 1281 4818 Vener-nansi,
1302 4754 1371 4806 V.
1999 4752 2020 4787 ⁶
2046 4756 2215 4820 pacis,
2241 4754 2315 4817 Z3
2351 4770 2452 4805 om.
2476 4754 2538 4806 L.
