3634 5800
735 892 866 946 Aa).
903 870 1122 955 1169]
1597 882 1964 935 -m‘ts'roLAE
2711 865 2839 934 167

733 1081 997 1146 morem,
1028 1091 1072 1136 a
1115 1071 1304 1136 nobis
1347 1070 1816 1158 obligationem
1866 1069 2232 1147 extorserit,
2278 1070 2643 1157 praesertim
2688 1092 2840 1137 auc-

729 1168 1002 1236 toritate
1031 1176 1290 1249 ‚summi
1333 1175 1683 1261 pontificiS,
1714 1172 2035 1260 pernicies
2080 1173 2366 1259 exempli
2413 1195 2547 1239 non
2592 1174 2839 1239 delebi-

734 1271 848 1333 tur
892 1272 966 1336 in
993 1277 1485 1362 sempiternum,
1531 1275 1646 1341 sed
1691 1296 1733 1341 a
1777 1274 1968 1341 nobis
2015 1274 2495 1341 transferetur1
2548 1276 2621 1341 in
2672 1276 2838 1343 alias

733 1373 1052 1441 nationes.
1148 1376 1325 1457 Quid
1392 1383 1618 1444 autem
1685 1378 1907 1441 minus
1975 1376 2154 1462 exigi
2218 1377 2455 1462 potuit,
2522 1398 2721 1463 quam
2766 1378 2837 1443 id

733 1475 928 1558 quod,
974 1477 1056 1542 de
1101 1500 1370 1544 suorum
1416 1480 1695 1545 arbitrio
1755 1484 2095 1545 contracta
2157 1482 2226 1542 et
2292 1480 2630 1566 castigata,
2678 1502 2831 1546 con-

734 1575 908 1642 tinet
967 1580 1339 1668 subscripta
1383 1583 1670 1669 petitio?
1761 1582 1936 1647 Sane
2004 1581 2061 1645 si
2137 1581 2444 1648 dominus
2490 1604 2681 1669 papa,
2728 1583 2834 1648 vel

731 1699 908 1745 nunc
955 1683 1242 1761 tandem,
1309 1684 1581 1751 nuntios
1651 1685 1793 1773 ejus
1858 1683 2155 1751 confusos
2221 1684 2561 1763 remiserit,
2631 1691 2717 1780 et·
2763 1686 2837 1750 in

730 1782 940 1847 terras
987 1784 1127 1870 ejus
1195 1786 1578 1853 cismarinas
1647 1806 2012 1874 aggravare
2076 1786 2493 1873 proposuerit
2562 1808 2831 1853 manum

731 1904 936 1963 suam,
969 1885 1138 1951 nihil
1186 1889 1370 1955 volet
1386 1888 1412 1929 ²
1455 1889 1808 1977 praecipere
1854 1889 2031 1974 quod
2077 1909 2207 1954 non
2257 1889 2397 1954 sine
2442 1888 2835 1956 difficultate

731 1989 799 2049 et
881 2008 1066 2053 mora
1139 1988 1364 2054 valeat
1439 1989 1752 2055 obtinere.
1879 1989 2057 2055 Nam
2150 2011 2447 2077 proceres
2545 1990 2833 2057 ecclesiae

727 2086 978 2168 favent,
1010 2090 1262 2176 solique
1307 2092 1543 2170 clerici,
1589 2115 1789 2178 quam
1838 2091 2185 2157 venenosis
2230 2092 2521 2157 consiliis
2550 2093 2832 2159 semina-

729 2195 990 2269 verunt,
1035 2191 1280 2259 furoris
1341 2195 1772 2281 pertinaciam
1837 2194 2062 2281 rigant
2124 2192 2717 2271 exhortationibus
2762 2200 2832 2259 et

729 2292 1272 2380 instigationibus
1335 2296 1570 2364 fovent
1633 2302 1703 2363 et
1776 2302 2189 2384 promovent.
2303 2297 2597 2379 Quorum
2674 2295 2837 2363 alii⁸

728 2394 800 2458 in
877 2397 1122 2483 Anglia
1198 2398 1690 2466 debacchantur
1762 2400 1837 2463 in
1912 2399 2265 2465 tormentis
2338 2400 2648 2481 ecclesiae,
2713 2399 2832 2465 alii

730 2518 889 2563 vcro
963 2499 1174 2565 crebis
1249 2501 1765 2568 discursionibus
1838 2522 2017 2567 nunc
2092 2501 2523 2587 apostolicam
2595 2502 2832 2580 sedem,

730 2621 923 2680 nunc,
969 2602 1286 2669 adversus
1331 2604 1685 2682 ecclesiam,
1730 2604 2030 2691 publicas
2078 2604 2254 2669 orbis
2310 2603 2535 2669 Latini
2592 2604 2834 2671 sollici-

731 2708 882 2767 tant
929 2709 1301 2787 potestates,
1396 2705 1588 2787 Quod
1657 2712 1882 2773 autem
1928 2707 2073 2772 sine
2142 2706 2364 2773 dolore
2428 2711 2497 2771 et
2564 2711 2835 2793 stupore

730 2824 866 2867 non
908 2804 1208 2885 dicimus,
1253 2807 1473 2872 saeculi
1523 2813 1887 2894 potestates
1932 2808 2018 2873 ad
2064 2808 2241 2873 tanti
2288 2807 2528 2894 flagitii
2576 2829 2835 2874 consor-

729 2907 900 2972 tium
945 2914 1288 2994 nequeunt
1333 2911 1670 2989 inclinare,
1717 2911 1831 2977 sed
1877 2912 1950 2976 in
1996 2910 2269 2977 ecclesia
2315 2911 2614 2976 Romana
2664 2933 2833 2978 sem-

731 3031 848 3094 per
921 3010 1278 3076 inveniunt
1375 3012 1630 3098 aliquos
1724 3035 1887 3099 quos
1984 3012 2284 3080 scelerati
2358 3013 2683 3099 propositi
2760 3027 2861 3080 se·

729 3112 1102 3198 gloriantur
1145 3113 1386 3182 habere
1432 3121 1780 3182 consortes,

1652 3562 1933 3632 DCVII.

999 3722 1440 3784 Ansxmnno
1488 3715 1694 3786 PAPAE
1739 3731 2090 3782 MAGISTER
2134 3715 2506 3784 Vwmws,

968 3871 1061 3934 (A.
1087 3875 1216 3932 225;
1255 3871 1321 3922 o.
1343 3867 1398 3918 ii.
1422 3873 1552 3928 2343
1588 3869 1642 3918 z.
1665 3867 1738 3917 iii.
1763 3871 1862 3929 62³
1897 3869 2029 3932 Lup.
2054 3867 2128 3917 iii.
2152 3873 2247 3926 623
2284 3867 2634 3930 rhomam.)

823 3999 1102 4064 Omnem
1133 3997 1152 4035 ⁸
1216 4017 1482 4083 operam
1527 3994 1805 4061 adhibui
1871 3999 1941 4060 et
2016 3994 2454 4081 diligentiam,
2518 4001 2597 4061 ut
2659 3995 2839 4062 inter

733 4123 952 4186 regem
1007 4100 1367 4186 Anglorum
1415 4103 1484 4162 et
1546 4097 1888 4161 dominum
1938 4095 2487 4161 Cantuariensem
2547 4118 2681 4183 pax
2735 4111 2837 4163 re·

731 4203 1144 4280 formaretur,
1205 4203 1410 4287 juxta
1453 4200 1732 4265 formam
1777 4219 1978 4284 quam
2024 4198 2347 4263 sanctitas
2393 4205 2616 4264 vestra
2668 4221 2835 4286 prae-

733 4307 1095 4392 scripserat.
1175 4303 1470 4368 Tandem
1502 4322 1660 4368 vero
1691 4306 1847 4386 post
1876 4299 2122 4364 multos
2152 4298 2409 4365 labores
2439 4300 2526 4366 ad
2555 4301 2627 4365 id
2672 4323 2835 4366 ven·
2864 4310 3076 4364 Confer-

733 4415 879 4474 tum
926 4410 1043 4483 est,
1092 4411 1170 4470 ut
1215 4404 1521 4470 dominus
1569 4400 2086 4479 Cantuariensis,
2132 4401 2202 4464 in
2234 4401 2559 4488 colloquio
2604 4425 2835 4490 regum
2860 4383 3066 4495 ἓξὲξ*

1186 4553 2833 4564 *ww
2858 4517 3067 4562 martre-

801 4635 818 4667 ¹
855 4634 1247 4699 transferretur,
1267 4632 1349 4692 Λς
1387 4631 1746 4696 transferetur,
1898 4628 1921 4660 ³
1953 4627 2051 4678 alii
2086 4665 2099 4677 .
2138 4665 2151 4678 .
2187 4663 2201 4678 .
2235 4626 2466 4690 ecclesiae,
2490 4642 2591 4678 om.
2616 4629 2676 4680 L.

733 4715 780 4766 L
1898 4707 1919 4738 ⁴
1960 4706 2755 4776 Omoperam‚A‚O;Oper

783 4751 824 4830 '²
858 4791 1005 4856 volet,
1031 4791 1080 4842 A
1107 4811 1123 4852 ς
1159 4790 1311 4853 valet,
1333 4792 1393 4842 la.
1829 4802 2028 4846 omnem,
2050 4786 2111 4837 L.
2682 4825 2685 4830 .
