3634 5800
650 822 783 877 Aa).
820 810 1041 896 11'71.]
1532 827 1894 877 ΕΡΙεΤοωΕ.
2633 811 2763 881 487

641 1012 979 1097 justitiam
1024 1014 1153 1079 Dei
1200 1014 1281 1079 de
1336 1018 1515 1079 terra
1558 1013 1777 1077 delere
1847 1011 2176 1076 nituntur.
2271 1012 2354 1075 In
2419 1009 2765 1096 naufragio

651 1116 850 1200 positi
896 1116 1313 1203 poenitentiae
1356 1114 1656 1181 tabulam
1714 1114 2086 1199 negligunt,
2136 1113 2454 1177 vitiorum
2499 1113 2764 1199 gurgite

650 1217 1181 1305 submerguntur.
1272 1218 1565 1283 Numine
1584 1216 1609 1255 ¹
1640 1216 2004 1300 Babylonis
2033 1214 2320 1281 debriati
2357 1214 2762 1299 judiciorum

651 1320 777 1385 Dei
823 1322 1323 1398 obliviscuntur,
1369 1326 1455 1400 et,
1502 1320 1679 1405 quod
1741 1318 1964 1385 adhuc
2007 1319 2310 1402 nequius,
2371 1317 2761 1388 simulantes

649 1422 1051 1509 religionem,
1094 1424 1220 1489 sub
1264 1424 1525 1509 pascuis
1555 1421 1604 1488 J
1604 1444 1722 1487 esu
1747 1420 1773 1459 2
1817 1418 2178 1498 occultati,³
2224 1420 2489 1485 Goliam
2536 1424 2759 1485 mente

650 1524 897 1591 ferunt.
992 1526 1216 1594 Verba
1287 1525 1336 1592 J
1337 1548 1520 1591 esum
1596 1527 1854 1601 sonant,
1917 1545 2115 1609 opera
2179 1522 2518 1588 diabolum
2586 1544 2758 1587 nun-

650 1628 867 1709 tiant3
912 1630 1104 1695 corde
1150 1630 1414 1695 fraudes
1468 1631 1724 1715 tegunt,
1770 1626 1994 1693 verbis
2057 1626 2242 1691 dolos
2313 1626 2761 1706 concinnant3

654 1750 737 1795 ex
782 1752 898 1795 ore
942 1730 1129 1797 volat
1188 1731 1509 1807 columba,
1555 1751 1668 1795 cor
1714 1750 1982 1815 serpens
2053 1728 2513 1815 amplexatur;
2559 1748 2759 1793 vene-

650 1853 813 1897 num
858 1833 1010 1898 imis
1053 1834 1414 1899 visceribus
1458 1832 1757 1897 infusum
1778 1830 1805 1869 4
1848 1836 2114 1917 tempus
2158 1831 2443 1896 nocendi
2489 1852 2760 1917 exspec-

650 1937 755 1998 tat
776 1934 830 2013 3⁶
873 1935 1195 2000 virtutem
1247 1934 1637 1999 existimant
1702 1931 2058 1998 artificiose
2129 1952 2380 1997 nocere.
2477 1932 2750 1997 Talibus

651 2036 995 2101 commissa
1056 2035 1325 2103 ecclesia
1397 2034 1547 2111 Dei,
1614 2033 1670 2099 si
1747 2032 2188 2111 conculcatur,
2237 2033 2293 2099 si
2369 2035 2757 2112 conteritur,

651 2134 801 2221 quis
830 2136 1143 2203 dubitet?
1213 2136 1448 2203 Pastor
1477 2156 1635 2201 oves
1666 2134 1970 2213 dilaniat,
1999 2134 2104 2201 lac
2134 2140 2204 2200 et
2241 2134 2464 2200 lanam
2497 2136 2758 2221 quaerit,

650 2238 883 2324 lupina
949 2239 1213 2305 feritate
1278 2241 1517 2324 guttur
1580 2237 1864 2316 invadit,
1929 2237 2320 2323 strangulat,
2387 2243 2457 2301 et
2501 2237 2758 2304 occidit.

652 2339 843 2405 Tales
886 2342 1098 2405 nostri
1158 2344 1451 2425 pastores
1496 2344 1828 2425 pastorem
1893 2359 2088 2404 suum
2154 2338 2648 2416 interfecerunt,
2693 2345 2762 2405 et

650 2441 723 2505 in
766 2463 965 2529 grege
1010 2442 1283 2507 Domini
1329 2441 1717 2507 desaeviunt.
1811 2439 2128 2506 Percusso
2169 2445 2432 2526 pastore
2475 2462 2612 2506 non
2659 2447 2762 2505 est

651 2545 767 2629 qui
794 2566 1059 2631 gregem
1095 2545 1295 2610 ducat
1328 2545 1415 2611 ad
1459 2564 1717 2630 pascua,
1751 2544 1868 2628 qui
1901 2543 2093 2630 lupos
2138 2549 2362 2609 arceat
2391 2565 2434 2609 a
2463 2543 2761 2622 stabulis,

652 2646 1107 2711 indifferenter
1149 2647 1506 2733 rapiuntur
1574 2666 1773 2711 oves:
1835 2644 2007 2709 nulli
2075 2645 2396 2723 custodes,
2459 2646 2760 2711 defensor

651 2747 911 2829 nullus3
955 2748 1131 2813 fiunt
1169 2770 1325 2815 oves
1372 2748 1731 2813 domestica
1774 2747 2001 2833 praeda
2044 2752 2401 2833 pastorum.

742 2850 866 2915 Est
908 2854 1134 2916 autem
1169 2872 1308 2938 prae
1338 2848 1648 2916 omnibus
1679 2870 1856 2914 unus
1886 2850 2132 2936 praed0,
2175 2854 2402 2935 pastor
2432 2902 2446 2918 .
2481 2902 2494 2916 .
2529 2899 2562 2932 .,
2594 2871 2760 2937 prae-
2787 2845 3079 2924 Espeeiauy

650 2953 758 3017 sul
788 3002 802 3017 .
836 3003 850 3018 .
883 3003 918 3030 .,
948 2952 1023 3016 in
1052 2953 1241 3039 cujus
1270 2953 1463 3019 corde
1492 2952 1726 3038 vulpes
1755 2951 1996 3028 foveas,
2028 2953 2324 3018 volucres
2354 2951 2499 3018 caeli
2529 2953 2762 3018 nidum
2786 2915 3097 3032 ζῖθῑῖξὶᾶζξ,

652 3059 1033 3140 posuerunt,
1065 3055 1182 3141 qui
1222 3055 1296 3119 in
1326 3054 1560 3122 caelum
1590 3055 1817 3140 posuit
1846 3075 1918 3120 os
1964 3077 2176 3131 suum,
2207 3055 2374 3120 dolis
2419 3077 2763 3142 aggressus

654 3163 756 3223 est
800 3158 1241 3235 innocentem,
1286 3158 1439 3223 odio
1484 3156 1885 3224 inexorabili
1948 3157 2236 3222 amicum
2283 3157 2556 3224 virtutis
2617 3181 2764 3246 per-

652 3258 965 3335 secutus?
1009 3258 1236 3324 lumen
1283 3259 1447 3323 adeo
1494 3257 1925 3344 singulariter
1969 3257 2253 3324 electum
2321 3265 2596 3326 conatus
2665 3265 2766 3326 est

653 3361 1113 3448 exstinguere3
1159 3361 1271 3426 sed
1318 3359 1597 3425 dextera
1640 3359 1884 3424 excelsi
1944 3359 2114 3424 illud
2139 3358 2164 3399 ⁷
2207 3381 2406 3446 super
2465 3363 2766 3428 candela-

652 3464 849 3528 brum
895 3463 1135 3549 posuit,
1183 3468 1263 3527 ut
1320 3462 1541 3528 luceat
1583 3461 1691 3526 his
1739 3462 1858 3546 qui
1903 3461 1976 3526 in
2017 3461 2308 3527 tenebris
2375 3470 2536 3529 sunt
2579 3471 2649 3530 et
2690 3466 2764 3531 in

652 3567 1215 3654 persecutionibus
1262 3565 1583 3632 laborant.
1675 3566 2044 3652 Aggressus
2091 3572 2194 3630 est
2237 3565 2433 3632 draco
2475 3590 2560 3632 ex
2603 3569 2763 3634 insi-

652 3670 781 3733 diis
843 3668 1165 3754 superbus
1217 3667 1553 3745 humilem,
1600 3667 1884 3734 crudelis
1947 3667 2197 3744 mitem,
2243 3668 2488 3755 impius
2553 3671 2760 3754 pium,

652 3771 943 3856 injustus
1008 3771 1292 3855 justum,
1366 3770 1550 3857 turpi
1626 3773 1695 3834 et
1762 3769 2045 3836 tacenda
2112 3771 2546 3836 immunditia
2619 3773 2762 3858 pol·

652 3873 837 3938 lutus
881 3877 1137 3938 castum
1204 3876 1275 3938 et
1342 3872 1685 3938 sincerum.
1778 3871 1938 3937 Non
2003 3871 2268 3936 destitit
2329 3873 2610 3958 sagittas
2677 3897 2762 3939 ex

655 3975 909 4041 occulto
976 3975 1263 4049 mittere,
1312 3973 1590 4040 invidiae
1659 3973 1963 4039 fomitem
2029 3974 2274 4052 fovere,
2338 3975 2560 4062 ignem
2625 3978 2762 4042 odii

654 4077 1023 4155 accendere,
1057 4076 1264 4141 donec
1306 4076 1491 4143 furor
1521 4076 1809 4142 Neronis
1839 4075 2167 4142 invictum
2195 4076 2477 4141 militem
2511 4077 2761 4144 Christi

654 4178 779 4243 hac
822 4178 965 4243 luce
1012 4177 1323 4263 privavit.
1417 4177 1657 4243 Modus
1700 4177 1922 4265 ipsum
1968 4179 2177 4244 scelus
2223 4185 2507 4265 superat,
2557 4181 2762 4248 Sodo-

658 4301 835 4346 mam
871 4278 1220 4366 justificat,
1252 4279 1676 4357 Antiochum,
1711 4279 2066 4357 Herodem,
2101 4279 2434 4347 Neronem
2471 4289 2760 4350 excusat.

722 4517 739 4552 1
774 4519 799 4566 p
1821 4516 1842 4548 ⁵
1879 4521 2190 4580 exspectant,
2212 4517 2328 4568 Liv.

718 4595 741 4628 ²
781 4593 1004 4654 Christi,
1025 4591 1139 4643 Liv.
1823 4593 1844 4625 ⁶
1873 4601 2190 4659 protectam,
2213 4595 2325 4646 Liv.

717 4677 740 4708 a
773 4672 1113 4724 occultatum?
1824 4671 1846 4710 7
1881 4673 2027 4736 illud,
2051 4690 2152 4725 om.
2178 4675 2290 4726 Liv.

719 4755 737 4784 ⁴
773 4759 861 4813 est,
884 4750 982 4802 ins.
1006 4749 1118 4800 Liv.
