3634 5800
540 920 669 968 ΑΛ).
709 905 933 986 1169]
1418 918 1775 967 EPISTOIAE.
2559 907 2641 966 19

537 1105 743 1173 oculis
787 1106 1081 1183 audebit,
1126 1113 1363 1193 tegere,
1398 1109 1560 1192 quin
1607 1107 1817 1172 sciens
1849 1114 1918 1172 et
1963 1108 2270 1193 prudens
2303 1113 2460 1173 ante
2491 1131 2640 1195 pro·
2665 1111 2944 1162 communi-

536 1209 747 1296 priam
792 1208 897 1274 sui
943 1209 1687 1275 excommunicationem
1735 1232 1820 1275 ex
1865 1211 2154 1290 nomine,
2187 1211 2348 1276 meis
2381 1232 2642 1276 excom·-
2665 1183 2950 1308 ffiffize‘ssugf

536 1310 886 1375 municatis
950 1311 1556 1376 communicaverit.
1671 1311 1853 1376 Illud
1921 1313 2123 1380 etiam
2192 1313 2642 1379 anathematis
2666 1324 2917 1362 censuros.

536 1414 873 1479 vinculum
919 1435 1049 1500 quo
1113 1415 1710 1500 impraesentiarum
1774 1416 2132 1481 innodatus
2199 1421 2316 1493 est,
2365 1423 2444 1481 ut
2503 1437 2640 1480 cer·

534 1517 784 1582 tissime
848 1517 1016 1582 mihi
1079 1537 1465 1603 persuasum
1511 1523 1626 1596 est,
1698 1519 1902 1584 solvit
1947 1518 2288 1584 ecclesiam
2355 1519 2638 1596 intrans,

539 1617 699 1706 ipsis
744 1619 946 1684 etiam
991 1619 1340 1684 missarum
1387 1620 1699 1685 assistens
1744 1620 2162 1686 solemnibus.
2195 1667 2209 1682 ,

629 1720 883 1801 Quinta
926 1721 1223 1807 objectio
1321 1721 1624 1802 Qualiter
1672 1723 1877 1788 etiam
1941 1743 2156 1788 sacros
2221 1727 2461 1788 vestrae
2523 1744 2638 1788 ex·
2662 1721 2962 1772 Treatment

537 1823 857 1888 cellentiae
887 1824 1105 1909 apices
1135 1823 1587 1910 suppresserit,
1617 1828 1687 1888 et
1731 1823 2084 1909 parvitatis
2115 1847 2278 1891 meae
2323 1825 2637 1890 mandata
2660 1787 2950 1904 ffifflssfl-

540 1927 975 2003 contemserit,
1025 1927 1295 1991 omnino
1342 1926 1646 1991 auditum
1695 1931 1809 1990 est.
2662 1919 2916 1984 episcopal

628 2027 838 2094 Sexta
898 2029 1195 2112 objectio.
1290 2027 1613 2108 Quotiens
1682 2049 1841 2094 vero
1906 2034 1972 2093 et
2041 2029 2127 2093 ob
2175 2049 2341 2114 quas
2405 2049 2638 2095 causas
2661 1987 2937 2122 ξὲζξῗαςυι

539 2152 735 2217 super
790 2130 1023 2194 iisdem
1087 2130 1339 2215 negotii
1402 2129 1701 2195 articulis
1754 2130 2212 2216 appellaverit,
2275 2137 2343 2196 et
2412 2131 2639 2196 idiotae
2663 2131 2882 2196 ⁸1³9&ss-

538 2237 607 2296 et
651 2231 891 2317 plebeii
936 2253 1053 2316 per
1098 2231 1277 2295 vicos
1324 2235 1393 2295 et
1439 2229 1691 2316 plateas
1736 2231 2084 2317 garriunt;
2143 2253 2416 2317 sperans
2462 2232 2640 2318 quod

541 2332 627 2397 ad
672 2332 1156 2397 invocationem
1200 2332 1413 2397 sancti
1465 2331 1752 2396 nominis
1798 2333 1921 2409 tui,
1967 2333 2154 2418 quasi
2200 2332 2326 2396 sub
2385 2331 2640 2398 alarum

541 2440 809 2499 tuarum
854 2433 1215 2521 regimine,1
1282 2433 1816 2519 persequentium
1881 2455 2000 2499 nos
2061 2434 2382 2520 iniquitas
2427 2438 2496 2500 et
2541 2435 2642 2499 in-

535 2536 805 2620 justitia
850 2536 1202 2602 coalescere
1250 2536 1640 2621 potuissent.

635 2638 930 2724 Septima
989 2637 1287 2722 objectio,
1380 2637 1757 2702 Novissime
1821 2637 2041 2716 etiam,
2107 2638 2266 2703 dum
2331 2645 2643 2705 consueto
2668 2651 2877 2728 lffreten-

544 2740 665 2805 hoc
708 2761 843 2804 non
905 2737 1165 2824 refugio
1233 2743 1531 2803 uteretur
1592 2737 1710 2802 sed
1776 2737 2080 2824 suffugio,
2144 2739 2322 2824 quod
2391 2741 2646 2806 caeteris
2669 2723 2910 2845 ξζᾌζῖἑζ-

546 2840 849 2907 omnibus
894 2839 1090 2927 longe
1136 2839 1475 2906 scelestius
1497 2837 1523 2878 ²
1556 2838 1807 2925 judice,
1853 2859 1988 2904 non
2034 2839 2202 2906 clam
2249 2841 2365 2906 sed
2428 2862 2644 2907 coram
2671 2850 2828 2899 denae
2853 2848 2911 2898 ot

544 2943 803 3029 popule,
834 2942 1048 3008 cubile
1093 2942 1305 3028 patris
1353 2941 1722 3007 attentavit
1773 2942 2142 3020 ascendere,
2173 2948 2243 3007 ct
2271 2964 2342 3007 se
2372 2943 2456 3007 de
2489 2944 2644 3028 jure
2669 2914 2886 3047 835th

547 3044 1126 3130 metropolitanum
1172 3064 1311 3108 esse
1378 3041 1639 3128 publice
1704 3042 2100 3107 contendere
2163 3064 2298 3107 non
2342 3042 2644 3123 erubuit3

545 3146 863 3231 adjiciens
930 3147 1131 3212 etiam
1186 3145 1357 3229 -quia
1420 3143 1773 3209 inclinavit
1841 3165 1926 3208 ex
2002 3143 2126 3211 hoc
2192 3145 2264 3208 in
2329 3144 2452 3210 hoc
2514 3146 2595 3210 de
2618 3142 2645 3183 ³

551 3249 944 3314 Herefordia
1037 3246 1514 3313 Londoniensis
1612 3245 1844 3323 factus,
1925 3244 2393 3311 Cantuariensi
2488 3268 2644 3313 vero

548 3349 1053 3435 metropolitano
1098 3347 1283 3413 nullo
1328 3346 1657 3432 adstringi
1702 3345 2128 3433 professionis
2173 3367 2291 3412 seu
2336 3346 2642 3415 obedien-

549 3453 661 3518 tiae
704 3452 991 3528 vincu10,
1036 3471 1187 3517 cum
1249 3450 1323 3512 in
1368 3448 1472 3513 sui
1538 3438 1968 3513 translatione
2027 3448 2169 3515 haec
2214 3452 2448 3515 exacta
2511 3470 2646 3515 non

546 3553 815 3637 fuerint.
904 3552 1007 3617 De
1069 3550 1311 3637 quibus
1379 3557 1605 3616 tamen
1668 3550 1940 3614 memini
2005 3570 2109 3616 me
2173 3551 2339 3616 alias
2405 3556 2646 3617 vestrae

548 3655 803 3743 plenius
866 3654 1128 3720 caritati
1198 3652 1545 3738 scripsisse.
1640 3652 1797 3738 Ipsa
1873 3652 2081 3739 igitur
2149 3652 2648 3719 Cantuariensis

546 3756 831 3834 ecclesia,
876 3762 1016 3821 tam
1085 3752 1483 3840 multiplices
1550 3752 1944 3819 illecebrosae
1988 3754 2154 3819 artis
2213 3776 2425 3821 nexus
2471 3754 2646 3821 ultra

548 3880 681 3922 non
742 3857 1093 3933 sustinens,
1140 3854 1319 3919 illius
1366 3860 1569 3940 caput
1612 3854 1948 3931 contrivit,
1994 3855 2182 3940 cujus
2227 3856 2472 3921 totiens
2517 3857 2645 3922 cal-

546 3981 747 4026 caneo
789 3959 1007 4023 fuerat
1050 3957 1423 4021 insidiatus.

639 4060 770 4125 Sed
836 4080 971 4123 non
1036 4080 1234 4144 pergo
1298 4078 1475 4122 nunc
1540 4056 1817 4121 ulterius
1839 4054 1866 4093 ⁴
1925 4056 2104 4120 illius
2148 4057 2488 4143 exagitare
2533 4080 2648 4123 ex-

548 4184 801 4229 cessus:
868 4160 1154 4226 sufficiat
1220 4160 1535 4245 tetigisse.
1627 4156 1989 4223 Praetcritis
2051 4158 2227 4222 enim
2294 4156 2524 4223 multis
2569 4180 2649 4224 ea

548 4266 883 4331 duntaxat
956 4261 1167 4328 recolo
1242 4281 1393 4345 quse
1468 4259 1723 4345 lapides
1799 4262 1871 4322 et
1955 4279 2282 4323 marmora
2339 4259 2645 4325 clamant.

550 4366 812 4429 Horum
859 4363 1061 4429 etiam
1131 4360 1343 4427 multa
1388 4382 1469 4425 ex
1540 4360 1902 4424 multorum
1967 4350 2336 4425 relatione*⁵
2377 4360 2463 4425 ad
2527 4382 2646 4427 vos

2017 4536 2385 4543 -—-·-——.-—--—--.—
2415 4538 2516 4546 -0—..0-
2527 4541 2557 4545 ....
2568 4540 2617 4546 --.

614 4640 629 4673 ¹
669 4639 907 4705 tegmine?
1713 4634 1733 4664 ⁴
1767 4632 1995 4695 alterius,
2017 4634 2082 4685 G.

610 4718 632 4751 ²
665 4716 908 4775 celestius,
929 4716 1003 4775 P;
1036 4713 1323 4777 eoeleseibus,
1346 4715 1413 4764 G.
1713 4710 1733 4742 ⁶
1766 4710 2079 4774 nudatione,
2103 4714 2168 4764 G.

609 4798 631 4829 ³
665 4814 741 4855 ex,
766 4796 831 4847 G.

2249 4874 2377 4935 1³2
