3634 5800
850 859 978 922 230
1727 874 2089 922 amsi-omn.
2569 860 2721 944 [A.D.
2760 863 2953 928 1170.

847 1064 1150 1137 rentibus
1213 1066 1402 1152 tangi
1470 1065 1696 1150 potius
1741 1086 1940 1150 quam
2010 1066 2282 1152 expleri.
2375 1065 2509 1130 Sed
2553 1067 2951 1151 quicumque

849 1189 1158 1252 personas
1195 1189 1382 1253 ·quae
1450 1167 1811 1252 plurimum
1878 1167 2053 1232 laesae
2118 1173 2279 1232 sunt
2345 1167 2627 1254 despicit
2694 1189 2956 1233 causam

849 1269 1226 1334 meminerit
1271 1259 1410 1334 esse
1457 1267 1730 1348 Christi,
1775 1268 1894 1354 qui
1940 1268 2324 1355 comprimit
2369 1268 2692 1334 elationes
2736 1267 2956 1344 maria

851 1376 922 1435 et
994 1391 1114 1456 pro
1189 1369 1466 1434 arbitrio
1543 1391 1661 1434 suo
1747 1373 2159 1455 potestatum
2235 1369 2576 1456 dispensat.
2650 1368 2956 1433 habenae.

851 1472 1002 1557 Ipse
1051 1471 1548 1537 Cantuariensis
1596 1470 1883 1537 ecclesiae
1944 1477 2261 1558 patronus
2307 1477 2422 1550 est,
2468 1477 2537 1536 et
2612 1470 2962 1556 inspirabit

850 1574 1074 1638 animo
1120 1573 1372 1638 domini
1440 1573 1614 1660 regis
1659 1577 1738 1637 ut
1785 1573 2116 1638 divinitus
2187 1573 2519 1638 indultam
2566 1572 2694 1636 sibi
2758 1573 2961 1638 licen-

855 1677 1018 1742 tiam
1064 1675 1457 1754 moderetur,
1500 1697 1623 1741 nec
1667 1698 1812 1740 eam
1860 1698 2009 1762 quae
2056 1676 2215 1742 satis
2262 1682 2333 1740 et
2376 1698 2575 1762 supra
2619 1681 2688 1740 et
2733 1681 2963 1741 contra

855 1779 983 1866 [fas
1016 1779 1111 1862 et]
1139 1777 1158 1816 ¹
1191 1778 1459 1842 modum
1489 1778 1698 1864 gratis
1745 1777 1991 1844 afflicta
2036 1783 2153 1856 est,
2199 1784 2269 1843 et
2314 1783 2452 1842 tam
2496 1780 2714 1864 ipsum
2761 1799 2959 1862 quam

851 1885 1289 1946 antecessores
1335 1899 1486 1944 suos
1532 1883 1852 1964 tanquam
1918 1880 2030 1965 pia
2092 1885 2306 1944 mater
2366 1880 2728 1966 promovit,
2770 1879 2958 1955 aluit,

851 1985 921 2048 et
995 1980 1306 2068 protexit,
1383 1979 1638 2066 affligat
1709 1980 2014 2065 amplius.
2140 1980 2523 2066 Sapientior
2597 1981 2773 2045 enim
2851 1985 2953 2044 est

853 2106 1052 2170 quam
1100 2089 1177 2148 ut
1223 2082 1458 2148 salutis
1503 2105 1638 2147 suae
1683 2083 2104 2170 dispendium
2155 2087 2223 2147 et
2268 2083 2392 2146 filii
2437 2084 2542 2148 sui
2604 2082 2957 2167 perniciem

853 2191 1174 2273 procuret,
1249 2207 1462 2270 neque
1537 2206 1656 2250 nos
1732 2187 1948 2272 ignari
2025 2207 2251 2250 sumus
2328 2186 2489 2272 quid
2564 2186 2786 2250 nuntii
2854 2186 2959 2249 sui

851 2288 1234 2374 quaesierint
1277 2287 1363 2352 ab
1407 2287 1767 2372 apostolica
1811 2287 1965 2352 sede
2012 2288 2120 2352 vel
2167 2287 2594 2352 obtinuerint.
2688 2287 2961 2352 Cessent

853 2389 1096 2468 minae,²
1164 2389 1474 2476 quoniam
1539 2390 1807 2463 ecclesia
1876 2389 2001 2455 Dci
2068 2412 2183 2476 per
2247 2390 2755 2456 misericordiam
2818 2390 2960 2474 ejus

851 2494 924 2558 in
1001 2497 1198 2578 portu
1272 2492 1595 2578 navigat;
1670 2513 1791 2556 nec
1857 2497 1959 2556 est
2025 2514 2066 2556 a
2139 2495 2354 2557 strata
2427 2493 2711 2578 publica,
2757 2515 2957 2578 quam

853 2595 1157 2661 Christus
1205 2593 1536 2675 ‚ostendit,
1583 2593 2059 2674 recedendum3
2126 2595 2497 2680 praesertim
2557 2595 2661 2660 his
2709 2596 2825 2681 qui
2885 2597 2957 2660 in

852 2703 1043 2763 tanta
1137 2696 1495 2762 acerbitate
1573 2695 1791 2760 exsilii
1869 2707 2007 2761 tam
2086 2702 2393 2783 patenter
2466 2699 2725 2784 experti
2801 2705 2961 2764 sunt

850 2799 1268 2866 clementiam
1287 2795 1313 2835 ⁸
1359 2797 1501 2864 Dei.

515 2910 742 2987 ηωροιιε
939 2899 1180 2967 Oscula
1201 2897 1228 2938 ‘¹¹
1271 2896 1665 2986 promittitis
1713 2906 1782 2964 et
1827 2898 2191 2985 amplexu&
2237 2902 2296 2965 si
2357 2921 2605 2967 morem
2648 2926 2957 2989 geramus

515 2986 716 3092 {gssfflsst
739 2993 770 3025 ⁸¹
849 3002 1149 3082 homini;
1209 3009 1279 3066 et
1325 3002 1393 3067 Is
1440 3000 1555 3086 qui
1602 3001 1814 3065 forma
1862 3000 2399 3067 Christianorum
2446 3010 2549 3069 est
2612 3006 2876 3070 audivit
2918 3029 2961 3072 a

512 3123 655 3159 euce-
849 3110 1198 3180 tentatore,
1248 3111 1284 3137 “
1305 3102 1471 3168 Haec
1516 3102 1740 3167 onmia
1782 3101 1911 3166 tibi
1957 3102 2148 3179 dab0,
2194 3103 2253 3167 si
2299 3103 2537 3169 cadens
2580 3105 2958 3171 adoraveris

848 3215 883 3241 “
931 3206 1091 3272 me.''
1183 3206 1336 3291 Ipse
1376 3205 1640 3291 judicet
1683 3226 1951 3272 causam
1996 3226 2203 3283 suam,
2233 3211 2303 3271 et
2348 3206 2691 3272 dominum
2740 3231 2957 3295 regem

845 3309 1168 3395 perducat
1211 3307 1297 3372 ad
1341 3305 1655 3385 veniam?
1721 3308 1855 3393 qui,
1904 3307 2417 3394 malignantium
2488 3311 2777 3376 consiliis
2838 3312 2959 3375 im·

847 3409 1096 3496 pulsuS‚
1141 3410 1395 3473 innatae
1463 3408 1903 3495 benignitatis
1950 3430 2150 3494 quam
2213 3409 2457 3475 habere
2522 3419 2961 3478 consueverat

847 3510 1048 3576 nimis
1095 3510 1343 3577 oblitus
1389 3515 1533 3575 est:
1597 3517 1682 3587 ct,
1729 3510 1889 3575 dum
1936 3510 2225 3576 inimicis
2270 3512 2559 3578 ecclesiae
2608 3514 2955 3579 vehemen—

849 3614 985 3679 tius
1048 3614 1262 3691 cessit,
1309 3612 1592 3699 speciem
1655 3612 1881 3677 induit
1925 3613 2197 3678 inimici.
2292 3614 2356 3678 Ν
2360 3635 2432 3680 cc
2493 3616 2728 3680 dubito
2793 3618 2955 3701 quin

847 3719 988 3803 ipse
1035 3716 1164 3781 sibi
1211 3716 1372 3780 dum
1420 3714 1560 3781 haec
1604 3722 1831 3802 ageret
1852 3714 1879 3753 ⁶
1946 3715 2341 3801 displiceret,
2387 3718 2502 3782 sed
2548 3720 2739 3804 quasi
2785 3719 2959 3783 invi-

848 3825 958 3885 tus
1025 3817 1486 3903 insipientium
1559 3816 1959 3882 clamoribus
2004 3817 2409 3905 agitabatur,
2454 3824 2525 3883 et
2570 3820 2959 3885 trahebatur

849 3919 1162 3986 funiculis
1226 3919 1597 4004 impiorum.
1727 3918 2034 4003 Adjicitis
2098 3922 2179 3981 ut
2247 3917 2557 3983 dominus
2604 3919 2955 3985 Cantuari-

849 4022 1024 4087 ensis
1071 4025 1371 4088 occurrat
1415 4022 1759 4089 nominato
1805 4019 2111 4105 superius
2157 4019 2462 4105 episcopo
2508 4027 2578 4085 et
2636 4022 2957 4088 archidia-

848 4145 1012 4191 cono
1059 4122 1540 4199 Cantuariensi,
1572 4122 1761 4207 quasi
1815 4120 2008 4185 fflum
2038 4125 2421 4206 recepturus
2468 4123 2558 4186 sit
2602 4124 2847 4189 nedum
2894 4126 2955 4191 ei

849 4246 1236 4293 occursurus
1301 4246 1497 4309 quem
1563 4224 1703 4309 ipse
1727 4220 1752 4263 ⁷
1817 4222 2097 4287 solemni
2159 4223 2583 4290 anathemate
2652 4228 2955 4292 condem-

847 4328 1058 4408 navit,
1128 4326 1658 4411 sententiamque
1724 4325 1797 4389 in
1844 4346 1996 4389 eum
2060 4324 2267 4391 latam
2322 4326 2740 4393 confirmavit
2800 4349 2958 4414 apo-

2375 4468 2734 4475 —————

913 4554 929 4587 ¹
952 4554 1053 4617 sas
1074 4561 1142 4614 ee,
1167 4552 1214 4603 G
1236 4570 1250 4612 ς
1287 4567 1389 4602 0111.
1415 4552 1472 4614 Ζ,
1495 4552 1542 4602 L
2020 4551 2041 4583 ⁶
2075 4551 2230 4601 Brial.
2256 4552 2301 4603 is
2324 4554 2574 4617 probably
2588 4552 2725 4620 right
2738 4552 2788 4602 in
2814 4556 2961 4605 read-

910 4632 932 4665 ²
967 4632 1121 4693 minoe,
1144 4632 1208 4690 Ο,
1234 4631 1312 4690 G;
1349 4631 1402 4679 in
1424 4646 1512 4689 me,
1539 4631 1597 4679 L.
1952 4627 2041 4695 ing
2064 4632 2209 4681 viam.

913 4712 934 4745 ³
967 4708 1372 4771 misericordium,
1395 4712 1460 4762 G.
2018 4709 2039 4742 ⁶
2072 4720 2277 4774 yet-eret,
2302 4712 2366 4763 G.

912 4789 934 4825 ⁴
968 4794 1036 4850 et,
1059 4786 1155 4838 ius.
1181 4788 1249 4837 V.
2020 4786 2039 4825 7
2073 4790 2195 4854 ipse,
2218 4806 2317 4840 om.
2344 4792 2407 4842 Ο.
