3634 5800
634 3009 746 3058 The

633 3075 845 3125 writer's

633 3141 929 3194 difficulties.

963 844 1049 913 76
1836 856 2194 907 srrs'roLAE.
2682 840 2839 927 [an.
2878 839 3066 905 1169.

961 1044 1240 1109 eandem
1283 1045 1693 1108 sententiam
1735 1064 1780 1107 a
1826 1042 1937 1107 die
1984 1062 2277 1107 recessus
2322 1042 2445 1118 sui,
2478 1041 2613 1105 nisi
2660 1042 2864 1126 (sicut
2908 1062 3069 1126 prae·

961 1146 1214 1212 dictum
1259 1146 1390 1228 est)
1436 1144 1887 1211 satisfecerint
1916 1144 2129 1211 eidem
2177 1142 2661 1210 Cantuariensi.
2738 1144 3071 1209 Verentur

961 1248 1165 1313 enim¹
1213 1248 1450 1334 ipsum,
1499 1250 1616 1334 qui
1662 1268 1781 1333 pro
1828 1245 2116 1312 ecclesiae
2160 1245 2473 1311 libertate
2518 1266 2635 1333 per
2680 1246 2857 1311 tanti
2904 1250 3068 1311 tem-

963 1352 1139 1436 poris
1183 1351 1476 1437 spatium
1506 1350 1821 1414 exsilium
1859 1350 2003 1434 jam
2048 1348 2395 1425 sustinuit,
2448 1349 2539 1415 ad
2583 1346 3066 1415 intolerabilem

963 1452 1279 1538 injuriam
1355 1473 1732 1538 provocare.
1854 1450 1989 1531 Qui
2058 1451 2263 1537 juxta
2334 1450 2739 1517 sententiam
2816 1448 3069 1516 domini

965 1578 1153 1641 papae
1197 1556 1268 1620 in
1313 1554 1546 1641 paucis
1593 1560 1881 1620 vexatus
1944 1554 2013 1618 iu
2076 1553 2311 1619 multis
2357 1554 2650 1639 profecit,
2696 1552 2873 1619 sicut
2928 1574 3068 1619 cre-

963 1658 1148 1721 ditur
1193 1658 1280 1723 ab
1323 1656 1430 1722 his
1477 1657 1596 1743 qui
1659 1657 1957 1743 ejusdem
2004 1655 2511 1722 cantuariensis
2578 1654 2821 1721 intima
2864 1674 3071 1720 nove·

965 1766 1144 1825 runt.

1861 2161 2145 2229 DLXII.

969 2316 1365 2382 GILBERTUS
1415 2316 1939 2380 LONDONIENSIS
2004 2330 2371 2381 EPISCOPUS
2418 2330 2514 2381 AD
2560 2314 3069 2381 ALEXANDRUM

1864 2430 2113 2484 PAPAM.
2786 2430 2801 2436 ’

1685 2568 1772 2631 (C.
1797 2573 1891 2619 201
1916 2588 1931 2629 ς
1970 2570 2035 2621 G.
2058 2568 2171 2619 Fol.
2202 2570 2338 2629 156.)

1053 2700 1240 2765 Patri
1308 2720 1427 2764 suo
1497 2702 1567 2763 et
1636 2697 1937 2775 domino,
1987 2718 2245 2763 summo
2314 2696 2617 2785 pontifici
2664 2696 3071 2777 Alexandm,

970 2801 1178 2866 frater
1221 2800 1641 2877 Gillebertus,
1675 2800 2155 2865 Londoniensis
2200 2798 2489 2865 ecclesiae
2534 2798 2853 2881 minister,
2896 2800 3073 2866 salu·

971 2909 1106 2969 tem
1154 2909 1222 2970 et
1268 2903 1566 2969 debitum
1609 2902 1880 2969 honoris
1926 2909 1995 2969 et
2038 2903 2432 2970 obedientiae
2477 2903 2890 2969 famulatum.

1025 3081 1030 3086 ⁸
1063 3007 1478 3093 Benignitati
1523 3011 1784 3081 vestrae,
1833 3012 2041 3093 pater,
2086 3005 2251 3071 mihi
2312 3005 2457 3092 jam
2522 3005 2901 3093 frequenter
2958 3027 3071 3072 ex-

973 3107 1222 3186 hibitae‚
1268 3109 1462 3174 corde
1507 3107 1901 3194 provolutus
1946 3113 2014 3173 et
2076 3129 2343 3195 corpore
2386 3109 2639 3195 gratias
2698 3107 3071 3174 humillime

971 3211 1204 3290 rosere,
1269 3209 1446 3296 quod
1515 3232 1683 3275 onus
1746 3229 1787 3275 a
1850 3231 1955 3274 me
2020 3231 2149 3295 quo
2213 3209 2559 3297 premebar
2624 3210 2843 3289 anxie,
2908 3233 3071 3298 prae-

971 3313 1242 3378 valente
1289 3312 1561 3377 tandem
1607 3311 1843 3398 gratia,
1888 3311 2356 3391 summovistiS,
2402 3317 2473 3378 et
2516 3333 2557 3378 a
2586 3313 2925 3379 moestitiae
2969 3335 3071 3378 me

973 3413 1263 3480 tenebris
1328 3415 1400 3478 in
1463 3413 1798 3500 quandam
1864 3417 2112 3500 optatae
2176 3415 2317 3501 spei
2386 3415 2827 3494 serenitatem,
2886 3415 3072 3480 intus

971 3517 1148 3604 apud
1194 3521 1450 3602 patrem
1496 3517 1805 3602 pulsante
1852 3535 1971 3602 pro
2016 3515 2155 3581 filio
2200 3517 2471 3602 pietatis
2514 3517 2773 3596 affectu,
2822 3517 3073 3584 miseri-

970 3619 1255 3683 corditer
1301 3618 1679 3682 induxistis.
1771 3615 1973 3682 Unde
2020 3617 2237 3682 soluto
2284 3617 2557 3684 vinculo
2604 3641 2735 3705 quo
2785 3619 3074 3700 tenebar,

969 3723 1085 3800 nil,
1131 3727 1342 3807 pater,
1388 3727 1490 3788 cst
1535 3721 1712 3806 quod
1757 3725 1984 3806 optem
2030 3719 2334 3806 amplius,
2368 3721 2547 3807 quod
2590 3719 3075 3789 desiderantius

971 3825 1290 3903 affectem,
1365 3844 1561 3910 quam
1640 3823 1985 3889 sanctitati
2064 3828 2304 3888 vestrae
2385 3845 2673 3910 praesens
2748 3823 3071 3907 assistere,

973 3932 1364 4012 praesentem
1410 3947 1516 3991 me
1575 3931 1794 3992 totum
1840 3925 2032 3990 vobis
2078 3945 2425 4012 exponere,
2471 3931 2541 3992 et
2598 3927 2773 3994 hanc
2816 3927 3071 3992 dierum

973 4049 1264 4095 meorum
1311 4028 1717 4115 paucitatem
1783 4027 2082 4093 relictam
2127 4047 2169 4092 a
2226 4027 2631 4094 tumultibus
2676 4033 2745 4095 et
2790 4029 3071 4094 turbini-

973 4133 1095 4196 bus
1139 4131 1560 4208 abstractam,
1605 4129 1816 4195 vcstri
1862 4129 2311 4195 moderamine
2356 4129 2636 4214 consilii,
2679 4135 2893 4197 totam
2940 4131 3073 4197 Do-

972 4235 1151 4299 mino
1213 4233 1605 4320 mancipare.
1729 4231 1929 4298 Unde
2004 4231 2167 4297 meis
2232 4231 2531 4319 graviter
2592 4235 2904 4302 accrescit
2971 4235 3071 4300 in-

970 4335 1279 4401 fortuniis
1350 4334 1665 4420 quicquid
1737 4335 2077 4399 obstaculo
2141 4333 2308 4398 mihi
2376 4357 2507 4421 quo
2576 4333 2796 4401 minus
2843 4341 3073 4422 optata

970 4459 1296 4524 peragam,
1345 4443 1414 4502 et
1477 4437 1730 4502 labores
1774 4458 1954 4501 meos
2022 4436 2316 4502 diutinos
2362 4443 2431 4503 et
2492 4437 2608 4503 diu
2682 4440 3074 4506 continuata

971 4541 1170 4606 taedia
1215 4544 1444 4626 optato
1491 4538 1760 4604 tandem
1803 4537 1937 4603 fine
1984 4539 2386 4606 concludam.

1061 4693 1353 4700 ———————————
1393 4687 3075 4702 —ffl-——wd

1832 4769 1845 4801 ¹
1884 4777 1946 4832 et,
1971 4771 2070 4820 ine.
2106 4773 2174 4821 A.
