3634 5800
551 2194 720 2245 These
742 2206 811 2257 go

556 2270 609 2311 to
628 2260 715 2310 the
738 2259 867 2323 king

554 2327 609 2376 in
631 2326 763 2375 Nor-

554 2394 759 2456 mandy.

555 2460 665 2509 'rho
687 2457 835 2507 arch-

554 2525 739 2587 bishop
762 2523 807 2573 is

555 2590 821 2641 forbidden

555 2664 609 2707 to
631 2656 753 2705 visit
776 2657 865 2706 the

554 2738 784 2788 younger

557 2790 754 2854 Henry.

554 2903 653 2954 His
677 2905 765 2955 life
787 2910 841 2954 at

558 2971 769 3022 Canter-

555 3037 703 3102 bury.

559 4121 668 4171 The

557 4188 773 4238 writer’s

556 4254 765 4303 brother
788 4261 843 4305 at

556 4319 763 4371 Exeter.

884 850 1015 914 412
1764 864 2128 916 Er1s'roLAE.
2597 848 2756 935 [Am.
2793 848 2982 919 1170.

886 1056 1025 1118 tate
1100 1054 1365 1121 fuerant
1441 1056 1761 1134 innodati,
1829 1077 1967 1121 non
2041 1056 2172 1121 nisi
2239 1054 2541 1142 praestito
2607 1053 2989 1139 juramento

884 1156 1141 1221 absolvi
1186 1162 1561 1243 potuerunt.
1657 1158 1852 1238 Quod
1895 1157 1954 1223 si
1998 1158 2437 1224 necessarium
2483 1156 2617 1220 fuit
2661 1156 2750 1221 ad
2789 1154 2988 1218 unius

887 1258 1176 1345 episcopi
1228 1262 1622 1325 sententiam
1672 1259 2181 1337 dissolvendam,
2227 1280 2378 1345 quae
2420 1257 2618 1344 longe
2661 1262 2764 1322 est
2808 1254 2989 1319 infir-

886 1360 1096 1424 mior1
1151 1361 1368 1427 edicto
1432 1362 1674 1427 summi
1737 1362 2088 1447 pontificiS,
2134 1361 2280 1427 luce
2345 1360 2584 1427 clarius
2652 1363 2756 1423 est
2817 1355 2990 1443 quod

886 1464 1222 1528 sententia
1280 1464 1639 1549 apostolica
1698 1463 1840 1529 sine
1901 1484 1995 1542 ec,
2041 1462 2406 1548 praesertim
2453 1483 2496 1526 a
2544 1461 2771 1546 judice
2819 1457 2990 1522 infe-

888 1563 1065 1640 riori,
1114 1564 1283 1630 solvi
1326 1586 1463 1630 non
1508 1564 1723 1631 debet.
1845 1564 1954 1629 Ad
2000 1564 2384 1649 hujusmodi
2427 1568 2498 1627 et
2541 1562 2788 1627 similes
2834 1558 2990 1625 alle·

888 1667 1187 1749 gationes
1234 1668 1520 1753 episcopi
1566 1668 1731 1733 moti
1778 1672 1954 1744 sunt,
2001 1672 2084 1743 et,
2117 1668 2290 1733 sicut
2334 1686 2452 1752 pro
2485 1670 2663 1732 certo
2707 1662 2990 1729 relatum

892 1773 1011 1849 est,
1056 1770 1145 1834 ad
1189 1771 1605 1837 clementiam
1660 1768 2133 1856 archiepiscopi
2195 1768 2661 1855 confugissent,
2705 1766 2838 1831 nisi
2882 1785 2991 1829 eos

892 1892 1061 1952 saepe
1106 1873 1487 1938 nominatus
1548 1872 1977 1937 Ebot-acensis
2042 1870 2428 1947 seduxisset,
2477 1868 2864 1935 dissuadens
2907 1888 2992 1930 ne

893 1974 1049 2057 quid
1100 1996 1249 2060 rege
1296 1974 1586 2040 facerent
1644 1973 2039 2050 inconsulte,
2084 1994 2280 2058 quem
2342 1976 2699 2057 patronum
2743 1969 2994 2034 habue-

894 2079 1047 2139 rant
1092 2076 1165 2139 in
1209 2075 1515 2140 omnibus
1560 2076 1872 2161 operibus
1917 2074 2069 2141 suis,

982 2176 1125 2241 Illis
1156 2177 1382 2262 itaque
1427 2199 1577 2243 cum
1624 2176 2083 2262 indignatione
2129 2176 2636 2262 properantibus
2667 2174 2754 2237 acl
2785 2173 2996 2237 domi-

892 2301 1053 2343 num
1099 2300 1338 2365 regem,
1406 2284 1630 2343 noster
1654 2277 1679 2317 ²
1740 2278 2270 2364 archiepiscopus
2332 2277 2419 2342 ad
2477 2298 2728 2342 novum
2776 2298 2994 2361 regem

892 2384 1020 2447 iter
1093 2383 1392 2469 arripuit.
1485 2381 1656 2447 Cum
1720 2404 1879 2447 vero
1943 2382 2321 2446 Londonias
2385 2381 2812 2467 pervenisset,
2888 2380 2994 2443 de-

891 2485 1241 2551 nuntiavit
1286 2485 1346 2549 ei
1392 2508 1512 2549 rex
1552 2485 1786 2571 junior
1828 2478 1913 2550 ne
1957 2482 2479 2571 progrederetur,
2525 2504 2648 2548 nec
2690 2482 2998 2547 civitates

893 2589 1035 2673 ejus
1082 2594 1199 2655 aut
1264 2588 1535 2653 castella
1602 2589 1901 2666 intraret,
1947 2588 2063 2653 sed
2128 2588 2448 2673 reciperet
2512 2608 2582 2651 se
2646 2606 2797 2651 cum
2860 2586 2996 2650 suis

894 2692 1070 2757 infra
1114 2691 1443 2756 ambitum
1508 2691 1799 2757 ecclesiae
1846 2713 2022 2769 suae3
2083 2696 2154 2755 et
2196 2689 2334 2755 suis
2381 2689 2852 2755 denuntiatum
2897 2694 2998 2753 est

894 2815 977 2858 ne
1046 2794 1235 2879 regni
1307 2793 1473 2857 fines
1537 2797 1800 2869 exeant,
1865 2813 1987 2857 nec
2007 2789 2033 2829 ³
2089 2792 2416 2876 prodeant
2478 2792 2551 2855 in
2617 2789 3000 2877 publictlm3

896 2894 1027 2974 sed,
1061 2894 1233 2962 sicut
1278 2917 1346 2960 se
1392 2895 1570 2980 ipsos
1590 2897 1613 2936 ⁴
1660 2893 1970 2980 diligunt,
2003 2898 2284 2959 caveant
2313 2892 2455 2958 sibi.
2552 2893 2702 2973 Qua
2746 2893 2995 2958 denun-

898 2997 1177 3062 tiatione
1221 2997 1578 3084 publicata,
1626 3018 1695 3061 se
1758 3001 1828 3060 et
1873 3017 2024 3060 suos
2071 2993 2450 3060 Cantuariae
2497 2996 2744 3080 recepit
2785 2993 3000 3060 archi-

904 3103 1262 3188 episcopuS,
1308 3100 1535 3187 ibique
1604 3099 1896 3164 salutare
1958 3099 2085 3163 Dei
2149 3120 2297 3164 cum
2363 3098 2578 3163 multo
2625 3097 2996 3163 discrimine

895 3204 1390 3292 praestolamur3
1452 3224 1665 3287 neque
1714 3202 1902 3266 nobis
1947 3201 2060 3264 via
2103 3199 2566 3265 consolationis
2611 3206 2730 3265 aut
2759 3199 2996 3264 securi-

896 3308 1058 3373 tatis
1102 3306 1236 3372 alia
1279 3310 1484 3391 patet,
1531 3325 1729 3389 quam
1776 3307 1857 3367 ut
1903 3303 2140 3366 vestris
2171 3306 2240 3367 et
2270 3307 2645 3368 sanctorum
2689 3299 3000 3366 orationi·

899 3410 1021 3473 bus
1068 3407 1427 3473 evadamus
1473 3403 1749 3469 insidias
1782 3423 2005 3468 eorum
2054 3402 2170 3487 qui
2235 3401 2522 3468 ecelesiae
2543 3401 2567 3440 ⁵
2611 3401 2999 3487 sanguinem

898 3508 1138 3574 sitiunt
1212 3513 1281 3572 et
1357 3510 1685 3592 quaerunt‚
1732 3508 1811 3568 ut
1873 3503 1954 3568 de
2028 3507 2208 3568 'terra
2280 3502 2546 3589 penitus
2621 3501 3003 3581 avellamur,

898 3616 1019 3677 aut
1060 3609 1333 3676 celerius
1378 3628 1722 3693 pereamus
1768 3605 1837 3668 in
1887 3605 2046 3691 ipsa.
2139 3603 2322 3670 Licet
2367 3608 2592 3670 autem
2637 3605 3003 3690 persecutio

903 3713 1296 3800 gravissima
1342 3712 1448 3787 sit,
1493 3713 1561 3774 et
1608 3709 1697 3774 ad
1759 3706 2324 3792 archiepiscopum
2366 3729 2556 3772 rarus
2601 3707 2684 3771 de
2729 3727 3004 3772 numero

898 3816 1186 3880 divitum
1219 3812 1325 3877 vel
1344 3811 1371 3850 ⁶
1413 3811 1886 3877 honoratorum
1919 3809 2228 3874 visitator
2273 3809 2558 3885 accedat,
2590 3809 2730 3894 ipse
2776 3813 3002 3873 tamen

895 3917 1151 3983 eunctis
1225 3914 1340 3979 ad'
1386 3934 1453 3978 se
1530 3910 1955 3976 venientibus
2053 3909 2415 3996 pontificali
2490 3911 2821 3996 gravitate
2890 3909 3004 3993 jus

896 4016 1136 4094 reddit,
1201 4013 1474 4080 diducta
1496 4010 1521 4052 ⁷
1610 4033 1878 4098 prorsus
1955 4011 2336 4096 acceptione
2425 4031 2853 4095 personarum
2927 4031 3006 4075 ac

896 4138 1262 4182 munerum.
1326 4113 1561 4178 Frater
1590 4133 1776 4177 meus
1808 4111 1896 4176 ad
1927 4115 2222 4176 vestrum
2245 4109 2271 4149 ⁸
2316 4110 2776 4188 Exoniensem,
2809 4133 3002 4196 quem

898 4219 1063 4284 mihi
1138 4216 1437 4283 nondum
1510 4213 1704 4279 licuit
1796 4212 2088 4290 visitare,
2182 4212 2518 4297 profectus
2593 4210 2789 4277 lateri
2863 4212 3004 4296 ejus

963 4445 981 4477 ¹
1016 4444 1275 4508 infirmior,
1299 4443 1364 4502 Ο,
1390 4441 1469 4501 G;
1506 4439 1738 4506 inferior,
1760 4439 1823 4488 L.
2063 4434 2084 4467 ⁶
2118 4445 2186 4498 et,
2211 4435 2278 4486 L.

960 4521 983 4556 2
1014 4530 1185 4573 noster
1222 4557 1234 4570 .
1270 4558 1283 4570 .
1322 4557 1335 4571 .
1368 4520 1615 4584 arripuit,
1639 4533 1741 4568 om.
1766 4517 1829 4569 Ο.
2065 4514 2086 4553 ⁷
2121 4515 2350 4576 diducta,
2374 4517 2441 4578 O,
2463 4517 2532 4578 V,
2557 4517 2627 4579 Z;
2659 4517 2895 4578 deducta,
2919 4517 3002 4578 1⁴3

960 4600 983 4633 ⁸
1015 4617 1093 4660 ne,
1120 4601 1177 4660 Z,
1200 4601 1279 4660 113
1314 4614 1416 4660 noc,
1444 4597 1509 4648 G.
1997 4593 2227 4654 reducta,
2253 4595 2317 4647 G.

958 4680 981 4711 ⁴
1018 4681 1167 4742 ipsos,
1190 4691 1289 4726 om.
1309 4676 1371 4726 Ο.
2066 4671 2089 4704 ⁸
2123 4679 2354 4735 vestrum,
2376 4674 2443 4734 0,
2467 4675 2539 4733 Z;
2575 4681 2812 4735 nostrum,
2835 4673 2900 4727 L.
2923 4675 2986 4724 G.

961 4757 982 4789 ⁶
1017 4754 1252 4815 ecclesia,
1277 4755 1349 4815 Z;
1384 4759 1683 4812 nostrorum,
1704 4752 1767 4812 L,
1788 4750 1852 4802 G.

3611 2656 3628 3009 }
