3634 5800
527 2677 754 2735 poverty.

529 2990 757 3053 Request
768 2998 822 3041 to

528 3056 616 3105 the
640 3072 790 3120 pope.

859 861 989 922 244
1736 871 2096 922 EPISTOLAE.
2593 857 2749 940 [Am.
2785 855 2975 920 1170.

860 1063 1087 1126 sertim
1156 1061 1439 1146 iniquae,
1515 1056 1822 1145 praeferre
1890 1058 2023 1144 legi
2087 1058 2232 1123 Dei.
2327 1057 2605 1122 Faciant.
2667 1058 2794 1124 hoc
2853 1058 2971 1144 qui

860 1162 988 1226 sibi
1056 1163 1284 1249 longos
1329 1162 1469 1226 dies
1532 1159 1944 1244 pollicentur,
1990 1164 2059 1222 et
2102 1158 2184 1223 de
2238 1181 2506 1224 suorum
2567 1160 2970 1226 conscientia

862 1265 1242 1328 meritorum
1306 1263 1773 1349 praestolantur
1837 1267 2132 1346 tempora
2197 1261 2482 1325 meliora.
2585 1262 2725 1348 Ego
2789 1264 2966 1328 enim

863 1374 1077 1430 certus
1152 1387 1301 1429 sum
1376 1365 1687 1449 quoniam
1762 1363 1994 1427 breves
2071 1367 2228 1427 sunt
2267 1363 2444 1434 „dies
2519 1365 2692 1444 mei3
2767 1373 2836 1430 et·
2911 1365 2968 1428 si

864 1473 1127 1532 tacuero
1172 1467 1376 1552 impio
1436 1466 1862 1551 iniquitatem
1923 1487 2126 1542 suam,
2175 1467 2444 1552 sanguis
2491 1465 2632 1550 ejus
2679 1468 2965 1551 require-

865 1573 977 1632 tur
999 1567 1023 1604 ¹
1072 1568 1151 1632 de
1200 1589 1403 1632 manu
1450 1589 1597 1631 mea
1642 1567 1727 1630 ab
1759 1566 1888 1630 Illo
1936 1566 2062 1643 cui,
2109 1587 2244 1630 non
2288 1565 2694 1652 suffragante
2754 1567 2967 1632 homi-

862 1671 967 1733 nis
1012 1669 1396 1754 patrociniO,
1442 1669 1525 1733 de
1572 1667 1934 1733 commissis
1999 1672 2068 1732 et
2113 1668 2368 1733 omissis
2433 1669 2759 1734 rationem
2819 1669 2965 1734 red-

866 1765 1127 1834 diturus
1162 1765 1338 1834 sum.
1441 1769 1547 1834 Ibi
1591 1790 1829 1833 aurum
1899 1773 1968 1832 et
2033 1773 2384 1854 argentum
2450 1789 2587 1833 non
2652 1769 2965 1854 proderit,

865 1894 983 1936 nec
1052 1893 1344 1947 munera,
1414 1891 1563 1956 quae
1628 1875 1966 1934 excaecant
2031 1871 2235 1934 etiam
2283 1869 2504 1935 oculos
2571 1873 2965 1956 sapientum.

863 1973 1249 2038 Astabimus
1295 1973 1369 2037 in
1436 1973 1622 2036 brevi
1684 1977 1840 2036 ante
1913 1971 2208 2036 tribunal
2256 1971 2522 2049 Christi,
2594 1995 2712 2057 per
2781 1974 2966 2059 cujus

864 2076 1277 2160 majestatem
1322 2079 1390 2138 et
1436 2074 1851 2138 tremendum
1905 2073 2231 2158 judicium
2277 2094 2412 2150 VOS,
2481 2074 2653 2138 sicut
2714 2080 2968 2158 patrem

866 2184 935 2241 et
996 2177 1337 2241 dominum
1402 2181 1470 2240 et
1532 2197 1862 2239 summum
1931 2175 2004 2238 in
2069 2181 2244 2239 terra
2301 2175 2612 2260 judicem,
2659 2175 2970 2255 obtestor,

864 2285 943 2343 ut
986 2279 1271 2344 ecclesiae
1318 2299 1453 2342 suae
1522 2281 1592 2340 et
1657 2275 1826 2341 mihi
1879 2276 2216 2361 justitiam
2279 2277 2650 2342 exhibeatis
2718 2277 2800 2342 de
2863 2278 2968 2352 his

864 2381 981 2466 qui
1056 2384 1362 2465 quaerunt
1434 2379 1724 2444 animam
1801 2379 1943 2463 ejus
2018 2383 2098 2442 ut
2171 2378 2476 2445 auferant
2552 2401 2713 2446 eam.
2825 2381 2892 2444 N
2897 2403 2968 2450 ec

864 2483 1213 2568 patiamini
1277 2481 1528 2546 diutius
1598 2502 1741 2545 eam
1819 2486 1957 2546 tam
2027 2482 2494 2547 contumeliose
2513 2480 2538 2520 ²
2599 2483 2968 2550 conculcari

862 2585 1141 2670 pedibus
1202 2583 1568 2666 impiorum.
1661 2580 1850 2645 Adeo
1895 2586 2281 2646 attenuatus
2347 2603 2494 2646 sum
2553 2587 2623 2646 et
2668 2582 2964 2664 afflictu-e,

864 2691 944 2749 ut
990 2686 1101 2770 qui
1150 2685 1365 2748 aliena
1410 2683 1660 2768 quadra
1705 2683 1799 2747 et'
1823 2681 2371 2747 Christianissimi
2415 2683 2588 2768 regis
2633 2690 2968 2751 sustentor

864 2787 1178 2853 alimonia
1250 2807 1385 2851 non
1460 2786 1705 2870 possim
1780 2785 1864 2849 de
1939 2789 2176 2850 caetero
2253 2783 2444 2849 vobis
2519 2785 2768 2850 instare
2853 2809 2970 2872 per

862 2889 1153 2967 nuntiOS,
1230 2887 1469 2973 quibus
1544 2885 1705 2971 quid
1780 2887 2112 2971 porrigam
2187 2885 2456 2951 omnino
2531 2909 2666 2953 non
2741 2887 2966 2955 habeo,

865 2990 1131 3056 Placeat
1174 2990 1403 3073 itaque
1422 2986 1448 3026 ³
1492 2988 1832 3073 majestati
1878 2992 2117 3051 vestrae
2151 2986 2650 3053 cantuariensis
2682 2990 2967 3055 ecclesiae

864 3092 1053 3156 finire
1098 3090 1448 3165 miseriam,
1494 3092 1564 3153 et
1609 3110 1757 3173 quae
1802 3109 2018 3173 nuper
2075 3088 2148 3151 in
2192 3092 2472 3174 utroque
2517 3111 2718 3175 regno
2764 3111 2968 3155 emer-

864 3198 1111 3267 serunt,
1142 3198 1210 3255 et
1240 3188 1589 3276 pullulant,
1624 3194 1693 3253 et
1724 3188 2246 3273 malignantibus
2277 3190 2579 3275 praebent
2623 3192 2964 3259 audaciam

863 3292 1305 3379 delinquendi,
1348 3290 1574 3357 tollere
1618 3290 1942 3367 scandala3
1986 3290 2360 3356 sanctitatis
2407 3298 2642 3357 vestrae
2687 3314 2964 3379 puerum

864 3396 1279 3471 absolvendo,
1327 3399 1396 3458 et
1440 3394 1781 3461 scribendo
1829 3392 2391 3459 Christianissimo
2451 3396 2591 3481 regi
2637 3400 2706 3460 et
2765 3396 2964 3462 eccle-

866 3500 981 3564 siae
1028 3498 1406 3573 Gallicanae,
1474 3494 1665 3580 quod,
1742 3495 1873 3558 nisi
1940 3516 2058 3560 rex
2123 3495 2490 3581 Anglorum
2513 3497 2541 3535 ⁴
2610 3498 2964 3563 commoni-

862 3602 1075 3666 tiones
1120 3602 1373 3665 vestras
1417 3596 1720 3673 audierit,
1764 3602 1837 3661 et
1897 3597 2086 3663 nobis
2149 3618 2374 3687 pacem
2420 3604 2490 3663 et
2547 3598 2772 3667 ablata
2815 3622 2964 3667 cum

860 3701 1145 3767 ecclesiae
1207 3700 1513 3764 libertate
1581 3698 1969 3775 restituerit,
2035 3705 2280 3767 extunc
2345 3720 2466 3765 nos
2541 3700 2614 3763 in
2677 3723 2830 3766 eum
2896 3707 2966 3767 et

860 3810 1105 3870 terram
1166 3823 1353 3867 suam
1417 3800 1628 3865 nostri
1695 3799 1890 3863 officii
1965 3805 2364 3886 potestatem
2439 3824 2738 3869 exercere
2811 3826 2965 3871 con-

858 3903 1135 3981 ceditis?
1198 3908 1268 3969 et
1341 3924 1455 3967 sen
1463 3901 1758 3979 tentiam,
1835 3923 2036 3987 quam
2115 3902 2400 3970 Domino
2463 3910 2730 3971 auctore
2796 3906 2962 3972 fere-

860 4032 1026 4087 mus,
1120 4008 1343 4074 velitis
1362 4006 1391 4046 ⁶
1486 4006 1573 4072 ab
1663 4008 1972 4073 omnibus
2072 4008 2392 4095 episcopis
2483 4010 2964 4079 inviolabiliter

860 4110 1209 4179 observari.

927 4338 945 4370 ι
978 4339 1285 4403 „mgb-agur,
1310 4336 1378 4395 0,
1399 4336 1470 4385 A,
2028 4334 2050 4365 ⁴
2087 4334 2384 4398 Anqlomn,
2406 4336 2477 4398 A,
2501 4337 2582 4397 03
2618 4336 2836 4403 Anqlt'oe,
2859 4341 2920 4391 L.

924 4416 947 4450 ²
981 4424 1079 4465 tam
1101 4412 1464 4475 contumeliose,
1486 4428 1586 4464 om.
1609 4413 1670 4461 L.
2029 4412 2050 4445 ⁸
2086 4412 2393 4475 concedatis,
2421 4415 2476 4464 L.

925 4492 948 4527 ⁸
979 4494 1202 4558 inquam,
1222 4494 1290 4543 A.
2031 4489 2052 4522 ⁸
2085 4489 2262 4553 maltis,
2285 4491 2349 4555 Ο,
2371 4493 2425 4543 A
2446 4514 2461 4555 ς
2493 4492 2680 4557 velitis,
2703 4492 2763 4546 L.
