3634 5800
642 804 773 855 m).
809 789 1031 872 1220]
1528 802 1888 853 amsi-om
2612 796 2742 857 585

636 992 845 1078 igitur
924 994 1121 1077 (sicut
1191 992 1379 1057 vobis
1454 992 1890 1057 referentibus
1979 993 2458 1073 intelleximus)
2531 994 2744 1061 arohi-

641 1094 925 1180 episcopi
988 1098 1059 1160 et
1120 1094 1408 1181 episcopi
1470 1095 1585 1180 qui
1648 1116 1733 1159 ex
1778 1094 2058 1159 diversis
2121 1094 2280 1162 locis
2331 1095 2416 1161 ad
2461 1095 2744 1162 transla-

636 1198 889 1262 tionem
933 1199 1221 1285 eorporis
1273 1197 1481 1284 ipsius
1541 1197 1855 1283 martyris
1899 1199 2344 1277 convenerint,
2393 1200 2745 1266 accessuris

637 1298 815 1363 insi-a.
858 1299 1525 1385 quintum-decimum
1573 1299 1747 1364 diem
1794 1300 1880 1363 ad
1929 1300 2377 1366 translationis
2438 1301 2746 1367 solemni-

639 1404 849 1465 tatem
894 1400 1187 1486 ejusdem
1233 1400 1525 1466 diversas
1578 1400 1990 1466 remissiones
2037 1401 2352 1466 duxerint
2392 1402 2742 1479 faciendas,

640 1504 873 1569 iisdem
920 1524 1039 1569 nos
1083 1504 1212 1589 ipsi
1244 1503 1385 1569 dies
1427 1502 1801 1569 relaxamus
1847 1503 2284 1591 quadraginta
2312 1504 2396 1569 de
2425 1504 2743 1591 injunctis

642 1606 725 1671 iis
787 1605 1239 1692 poenitentiis;
1304 1605 1543 1671 vestris
1605 1626 1763 1671 vero
1830 1604 2132 1690 precibus
2200 1605 2518 1682 inclinati,
2567 1606 2742 1691 quod

640 1728 835 1792 super
878 1706 1004 1773 hoc
1046 1729 1087 1771 a
1131 1707 1321 1772 vobis
1382 1712 1452 1772 et
1511 1704 1673 1793 ipsis
1716 1704 1968 1771 factum
2031 1711 2132 1771 est
2183 1705 2593 1773 decrevimus
2656 1710 2742 1773 ad

638 1810 835 1875 unius
880 1810 1039 1875 anni
1084 1815 1154 1875 et
1198 1809 1661 1895 praedictorum
1706 1809 2146 1894 quadraginta
2198 1808 2453 1875 dierum
2512 1809 2742 1875 remis-

638 1913 888 1977 sionem
952 1914 1287 1999 perpetuis
1349 1910 1757 1997 temporibus
1821 1909 2208 1976 valiturum.
2332 1910 2523 1977 Nulli
2587 1933 2741 2000 ergo

637 2014 906 2079 omnino
951 2014 1295 2079 hominum
1360 2013 1555 2083 liceat
1598 2011 1769 2077 hanc
1812 2011 2128 2098 paginam
2189 2016 2434 2077 nostrae
2480 2034 2737 2080 conces-

638 2115 841 2181 sionis
928 2116 1299 2201 infringere‚
1377 2113 1486 2181 vel
1560 2116 1625 2179 ei
1696 2135 1866 2179 ausu
1955 2114 2303 2179 temerario
2393 2118 2736 2183 contraire.

640 2218 863 2303 Siquis
892 2222 1119 2283 autem
1162 2216 1287 2282 hoc
1315 2220 1645 2281 attentare
1691 2215 2180 2302 presumpserit,
2212 2213 2739 2301 indignationem

634 2320 1105 2405 omnipotentis
1151 2317 1278 2384 Dei
1324 2325 1394 2384 et
1437 2318 1783 2383 beatorum
1832 2316 2009 2382 Petri
2062 2322 2133 2382 et
2176 2316 2365 2382 Pauli
2412 2320 2738 2404 apostolo-

632 2442 781 2485 rum
827 2420 970 2505 ejus
1026 2443 1096 2485 se
1155 2420 1421 2485 noverit
1482 2418 1916 2486 incursurum.
2039 2418 2194 2483 Dat.
2244 2418 2559 2488 Interani
2623 2443 2732 2487 XV.

630 2521 763 2587 kal.
811 2521 856 2587 J
858 2542 1080 2587 anuar.
1126 2521 1552 2607 pontificatus
1596 2519 1807 2587 nostri
1853 2540 2027 2584 anno
2072 2520 2327 2604 quinto.
