3634 5800
952 878 1036 943 20
1817 836 2172 941 Erlsromn.
2672 878 2828 959 [Am.
2864 878 3055 945 1169.

949 1084 1462 1151 commeantium
1493 1083 1798 1171 effugisse
1846 1102 1982 1149 non
2010 1082 2311 1148 arbitror.
2392 1082 2476 1147 In
2521 1082 2827 1149 omnibus
2874 1082 3051 1147 enim

949 1184 1054 1251 his
1123 1206 1337 1251 coram
1401 1184 1644 1271 populo
1712 1184 2030 1270 processit
2096 1184 2171 1247 in
2248 1203 2553 1271 campum
2615 1188 2908 1249 armatus
2972 1186 3052 1247 ut

949 1284 1310 1353 Philistiim
1334 1285 1360 1324 ²
1389 1286 1562 1353 bella
1584 1285 1923 1351 dimicare.
2014 1284 2265 1350 Verum
2300 1284 2525 1351 Golia-s
2568 1285 2641 1349 in
2686 1306 2935 1371 campo,
2979 1286 3053 1349 in

947 1388 1244 1455 conclavi
1318 1386 1751 1474 Architophel
1848 1392 2009 1464 erat,
2084 1387 2249 1453 adeo
2323 1386 2529 1453 etiam
2624 1391 2704 1451 ut
2791 1386 3049 1453 nuntiis

947 1490 1198 1556 domini
1243 1492 1415 1578 regis
1459 1492 1760 1576 proxime
1789 1510 1833 1555 a
1876 1490 2231 1556 sanctitate
2274 1493 2499 1555 vestra
2544 1489 3049 1565 revertentibus,

947 1590 1228 1657 Ricardo
1274 1592 1584 1658 videlicet
1643 1593 1848 1657 Barre
1892 1595 1963 1655 et
2022 1589 2310 1655 Radulfo
2364 1589 2839 1667 archidiacono,
2900 1610 3047 1654 ver·

945 1694 1106 1757 bum
1173 1694 1370 1779 paciS,
1447 1694 1628 1779 quod
1705 1698 1868 1759 tunc
1932 1692 2160 1757 sedulo
2236 1690 2509 1777 quidem
2586 1698 2655 1756 et
2718 1690 2999 1757 officiose
3025 1688 3050 1728 ³

947 1794 1374 1873 tractabatur,
1421 1816 1557 1860 una
1619 1815 1769 1860 cum
1838 1792 2283 1859 archidiabolo
2343 1792 2459 1857 illo
2506 1792 2807 1859 Galfrido
2852 1792 3049 1857 Ridel

947 1896 1205 1961 consilii
1235 1892 1261 1933 ³
1335 1898 1440 1960 sui
1514 1896 1770 1960 nisibus
1846 1894 2119 1979 ruperit.
2243 1894 2325 1959 In
2402 1893 2590 1978 cujus
2658 1893 2861 1959 etiam
2936 1914 3051 1979 spe

947 1997 1135 2062 verbi
1180 2020 1301 2083 ego
1361 2019 1511 2063 cum
1556 1995 1974 2063 coexsulibus
2020 1996 2199 2071 meis
2245 1996 2326 2061 de
2345 1996 2373 2034 4
2416 1995 2819 2063 conscientia
2878 1996 3050 2081 regis

949 2106 1018 2165 et
1061 2098 1427 2177 voluntate,
1473 2099 1890 2167 Pontiseram
1934 2098 2077 2184 jam
2123 2121 2331 2184 usque
2374 2118 2828 2184 processeram,
2872 2099 3051 2185 apud

951 2201 1558 2269 Calvum-montem
1604 2222 1752 2267 cum
1814 2200 2179 2265 venerabili
2242 2200 2447 2265 fratre
2515 2204 2741 2267 nostro
2786 2198 3051 2265 domino

951 2303 1465 2390 Rothomagensi
1552 2303 1905 2369 habiturus
1981 2302 2432 2387 colloquium3
2523 2302 2762 2379 deinde
2850 2302 3052 2387 juxta

948 2410 1262 2471 eventum
1325 2405 1634 2490 colloquii
1696 2405 1786 2469 ad
1848 2424 2086 2489 regem,
2140 2403 2253 2488 qui
2324 2404 2408 2468 ob
2476 2404 2545 2468 id
2615 2402 2920 2489 proprius
2980 2425 3049 2469 se

947 2527 1358 2572 accessurum
1435 2506 1865 2591 disposuerat,
1933 2526 2386 2592 processurus.
2509 2504 2759 2587 Verum
2827 2505 2899 2569 in
2976 2526 3051 2569 eo

948 2608 1228 2674 articulo
1264 2610 1409 2693 jam
1455 2607 1618 2673 dicti
1677 2607 1851 2693 regis
1910 2606 2167 2672 nuntiis
2212 2606 2749 2683 adventantibus,
2794 2602 2967 2672 sicut
3010 2628 3051 2671 a

951 2706 1306 2793 Chus[a]i⁶
1351 2708 1637 2774 fideliter
1698 2709 1937 2792 accepi,
2001 2708 2213 2772 omnis
2276 2707 2387 2771 ille
2456 2712 2814 2793 apparatus
2878 2706 3050 2771 frus—

950 2813 1166 2874 tratus
1213 2815 1316 2875 est
1360 2808 1630 2875 consilio
1675 2807 2132 2893 Architophel‚
2194 2808 2471 2873 forsitan
2531 2829 2573 2873 a
2622 2808 2881 2873 nuntiis
2926 2808 3049 2873 ali·

951 2911 1113 2997 quid
1131 2910 1156 2948 ⁰
1203 2912 1276 2976 in
1321 2933 1486 2977 meae
1532 2911 1971 2997 depressionis
2014 2917 2445 2996 augmentum
2494 2915 2564 2974 et
2608 2911 3049 2976 restitutionis

947 3033 1084 3080 suae
1129 3035 1312 3098 spem
1358 3018 1606 3080 certam
1667 3013 2009 3099 accipiens.
2101 3011 2236 3078 Sed
2282 3017 2462 3090 est03
2510 3011 2839 3077 Dominus
2884 3012 3051 3078 mihi

946 3114 1229 3199 adjutor,
1297 3129 1432 3180 non
1495 3114 1748 3179 timebo
1819 3114 1982 3198 quid
2048 3113 2251 3178 faciat
2326 3113 2493 3178 mihi
2560 3135 2729 3188 caro.
2842 3113 3049 3200 Spero
3168 3192 3180 3200 ,

947 3215 1149 3280 etiam
1225 3215 1585 3281 certissime
1661 3215 1839 3300 quod
1914 3221 1983 3280 te
2049 3215 2230 3291 duce,
2298 3219 2366 3278 te
2430 3221 2699 3292 rectore,
2766 3215 3053 3300 procella

948 3336 1094 3380 mea
1137 3321 1470 3382 statuetur
1514 3317 1588 3379 in
1633 3337 1879 3392 auram,
1928 3320 1996 3379 et
2057 3319 2413 3400 tempestas
2459 3336 2809 3401 erumpens
2854 3339 3052 3403 super

946 3422 1148 3503 caput
1191 3417 1382 3502 impii
1427 3417 1670 3482 veniet.
1748 3415 1947 3480 Unde
1993 3437 2131 3502 egb,
2179 3415 2351 3481 sicut
2397 3416 2687 3501 ipsorum
2735 3418 3049 3483 minimus

947 3519 1045 3584 ita
1107 3517 1301 3584 hodie
1347 3523 1415 3582 et
1479 3517 1903 3595 miserrimuS,
1952 3524 2023 3582 et
2071 3523 2403 3602 quotquot
2465 3518 2789 3603 passionis
2851 3521 3045 3584 istius

945 3619 1104 3684 socii
1165 3624 1338 3694 sunt,
1387 3618 1760 3683 sanctitatis
1825 3622 2069 3682 vestrae
2134 3618 2415 3702 genibus
2494 3619 2863 3703 provolutis
2887 3617 2910 3660 ⁷
2978 3624 3047 3696 et

948 3719 1253 3784 manibus
1321 3719 1631 3803 expansis
1700 3718 2165 3803 supplicamuS,
2229 3725 2298 3784 et
2374 3723 2657 3804 quantas
2727 3722 3048 3787 audemus

947 3820 1284 3904 majestati
1348 3823 1557 3886 tantae
1626 3820 2021 3906 porrigimus
2085 3841 2325 3904 preces,
2410 3819 2699 3906 Dissipa,
2745 3822 3054 3902 Domine,

946 3920 1292 3986 consilium
1339 3920 1769 4006 Architophel
1816 3926 1886 3985 et
1929 3927 2197 4006 percute
2245 3927 2445 4008 caput
2488 3923 2569 3986 de
2601 3923 2795 3989 domo
2842 3925 3048 4010 impii.

947 4022 1037 4087 Et
1081 4022 1255 4088 sicut
1321 4023 1475 4087 inde
1541 4021 1790 4112 David.
1828 4023 1971 4088 vice
2036 4021 2347 4108 fungeris,
2412 4044 2575 4109 opus
2643 4025 2715 4089 id
2774 4027 3049 4111 probet3

946 4123 1266 4210 singulari
1313 4123 1605 4189 sollertia
1648 4127 1720 4188 et
1782 4122 2177 4190 fortitudine
2240 4129 2361 4192 tua
2407 4124 2631 4192 Golias
2672 4125 2845 4192 alter
2904 4149 3050 4214 pro.

1013 4379 1028 4411 ¹
1068 4378 1360 4442 Philinum,
1450 4379 1494 4426 Ρ
1590 4375 1952 4442 (Philisthiim,
2044 4378 2198 4442 xvii).
2248 4379 2360 4430 The
2382 4379 2495 4432 MS.
2520 4383 2623 4430 and
2646 4380 2696 4432 G
2719 4384 2841 4432 read
2868 4379 3048 4444 Glauci,

947 4459 1132 4524 Vulg.)
1155 4478 1170 4517 ς
1208 4456 1469 4518 Philinus,
1497 4455 1561 4508 G.
2044 4457 2213 4508 which
2235 4457 2279 4506 is
2302 4459 2516 4510 another
2542 4473 2690 4510 name
2716 4460 2823 4524 (Ibi
2850 4460 3044 4524 xviim.

1012 4537 1034 4570 2
1065 4537 1233 4602 officia
1255 4553 1308 4585 se
1335 4536 1442 4600 (for
1463 4533 1724 4600 officiose),
1749 4535 1814 4586 G.
2109 4535 2129 4566 ⁶
2162 4535 2348 4600 aliquo,
2384 4536 2450 4588 G.
2522 4537 2662 4600 (The
2684 4539 2827 4606 yord
2859 4538 2905 4588 is
2928 4553 3046 4590 con-

1011 4617 1033 4649 ³
1068 4615 1284 4678 concilii,
1307 4616 1370 4675 P,
1394 4613 1458 4665 G.
2038 4616 2234 4664 tracted
2254 4614 2309 4664 in
2333 4615 2417 4666 the
2436 4614 2580 4678 MS.)
2904 4635 2911 4639 ·

1011 4696 1032 4726 ⁴
1066 4694 1141 4754 de,
1163 4711 1264 4744 on.
1287 4694 1352 4746 G.
1607 4689 1630 4702 ⁰
2108 4691 2128 4728 ⁷
2156 4693 2414 4756 provoluti
2430 4699 2455 4744 1?

1009 4773 1029 4804 ⁵
1073 4770 1278 4832 Chusai,
1315 4771 1473 4837 Vulg.
1512 4770 1608 4834 (ΙΙ.
1651 4771 1779 4835 Reg.
1829 4785 1950 4821 xv.-
