3634 5800
843 851 850 858 ’
930 843 1059 908 466
1802 858 2163 908 Eme-romu.
2633 840 2798 928 [mn.
2841 838 3040 909 1171.

926 1045 1219 1110 audisset
1246 1045 1513 1131 inquiri,
1545 1045 1891 1121 militibus,
1917 1045 2040 1131 qui
2070 1045 2157 1110 ad
2197 1044 2323 1108 hoc
2368 1047 2692 1108 venerant
2735 1043 2808 1106 in
2839 1041 3042 1108 turba

924 1145 1303 1215 clericorum
1322 1153 1393 1213 et
1408 1146 1893 1224 monachorum,
1918 1146 2434 1212 vociferantibus
2455 1168 2469 1208 ε
2501 1153 2536 1180 “
2553 1144 2690 1210 Ubi
2707 1149 2812 1209 est
2827 1143 3046 1209 archi-

925 1255 959 1282 “
1008 1249 1352 1335 episcopus
1380 1253 1405 1314 2
1430 1249 1466 1279 ’'
1528 1249 1815 1315 occurrit
1867 1249 1952 1312 iis
2019 1270 2056 1314 e
2079 1245 2104 1285 ¹
2150 1248 2361 1335 gradu
2425 1269 2622 1332 quem
2668 1267 2754 1311 ex
2797 1265 3044 1332 magna

923 1355 1111 1440 parte
1129 1351 1530 1430 ascenderat,
1556 1350 1755 1414 vultu
1784 1349 2118 1436 intrepido
2149 1349 2407 1416 dicens:
2437 1357 2474 1383 “
2495 1349 2844 1433 Ecceego3
2875 1346 3040 1431 quid

924 1457 961 1486 “
1006 1452 1211 1517 vultis
1236 1453 1310 1516 'F’
1406 1450 1533 1517 Cui
1604 1471 1777 1516 unus
1839 1451 2256 1516 funestorum
2321 1449 2615 1514 militum
2679 1449 2752 1512 in
2796 1448 3039 1535 spiritu

921 1551 1167 1618 furoris
1198 1553 1470 1618 intulit:
1503 1561 1537 1588 “
1558 1553 1657 1620 Ut
1678 1551 1705 1591 ²
1732 1553 1928 1618 modo
1957 1552 2276 1628 moriaris,
2305 1550 2708 1638 impossibile
2727 1550 2904 1616 enim
2933 1553 3042 1614 est

922 1661 957 1687 “
1002 1659 1083 1718 ut
1139 1654 1421 1720 ulterius
1466 1655 1713 1721 vivas?
1806 1655 2178 1741 Respondit
2222 1659 2448 1719 autem
2509 1652 3042 1738 archiepiscopus

918 1775 1053 1820 non
1114 1757 1356 1822 minori
1401 1757 1774 1824 constantia
1834 1756 2021 1822 verbi
2069 1777 2269 1842 quam
2330 1753 2542 1820 animi
2590 1753 2794 1839 (quia,
2857 1753 3038 1838 quod

920 1855 1215 1919 omnium
1260 1861 1633 1942 martyrum
1692 1877 1853 1943 pace
1899 1877 1983 1922 ex
2027 1856 2234 1920 animi
2279 1855 2410 1920 mei
2453 1853 2786 1920 sententia
2825 1853 3036 1918 fiden-

918 1959 1023 2021 ter
1096 1957 1400 2035 dixerim,
1473 1958 1699 2023 nullus
1773 1979 2000 2024 eorum
2069 1958 2338 2024 videtur
2411 1957 2486 2022 in
2549 1955 2848 2042 passione
2905 1955 3038 2020 isto

920 2057 1125 2123 fuisse
1170 2057 1647 2145 constantior):
1696 2067 1731 2094 “
1752 2059 1845 2124 Et
1874 2077 1996 2146 ego
2040 2079 2162 2145 pro
2205 2057 2350 2124 Deo
2394 2079 2540 2123 meo
2563 2056 2592 2096 ⁸
2633 2056 2802 2122 mori
2845 2077 3036 2142 pera.-

922 2167 953 2197 “
1000 2161 1111 2222 tus
1184 2181 1351 2237 sum,
1426 2165 1497 2224 et
1568 2180 1689 2246 pro
1764 2160 2136 2226 assertione
2196 2159 2507 2244 justitiae,
2587 2162 2658 2223 et
2747 2158 3038 2224 ecclesiae

920 2268 957 2296 “
1001 2261 1330 2326 libertate.
1442 2260 1576 2327 Sed
1642 2261 1701 2325 si
1766 2266 1971 2347 caput
2035 2283 2258 2326 meum
2303 2261 2621 2346 quaeritis,
2685 2260 3028 2347 prohibe0,

917 2369 953 2395 “
998 2384 1081 2427 ex
1126 2368 1317 2448 parte
1364 2363 1844 2448 omnipotentis
1906 2363 2034 2428 Dei
2081 2368 2152 2428 et
2171 2362 2198 2401 ⁴
2265 2363 2392 2428 sub
2437 2361 2880 2442 anathemate,
2941 2385 3028 2426 ne

919 2470 953 2496 “
996 2463 1306 2549 cuiquam
1352 2464 1490 2542 alii,
1536 2464 1677 2529 sive
1696 2463 1721 2502 ⁶
1786 2464 2168 2562 1110113011οῶ
2179 2465 2322 2530 sive
2367 2464 2618 2541 elericO,
2669 2464 2777 2528 vel
2845 2464 3032 2541 laico,

917 2573 954 2600 “
998 2565 1128 2651 maj
1136 2566 1235 2629 ori
1282 2565 1390 2629 vel
1449 2565 1718 2645 minori,
1788 2567 1862 2630 in
1907 2566 2132 2651 aliquo
2176 2566 2486 2643 noceatis,
2533 2565 2649 2630 sed
2710 2565 2849 2630 sint
2905 2564 3030 2629 im-

919 2672 954 2701 “
1000 2689 1234 2732 munes
1279 2688 1322 2731 a
1366 2687 1581 2754 poena,
1628 2667 1802 2732 sicut
1847 2669 2253 2733 exstiterunt
2295 2690 2340 2732 a,
2383 2687 2622 2733 causa:
2668 2687 2806 2732 non
2851 2668 3028 2731 enim

917 2776 953 2803 “
996 2768 1129 2832 illis
1175 2769 1290 2833 sed
1333 2767 1503 2832 mihi
1546 2769 2017 2854 imputandum
2049 2775 2166 2848 est,
2225 2768 2282 2832 si
2329 2769 2444 2854 qui
2490 2789 2718 2833 eorum
2763 2789 3028 2834 causam

918 2879 951 2906 “
995 2870 1384 2937 laborantis·
1422 2869 1705 2937 ecclesiae
1780 2874 2222 2957 susceperunt.
2341 2869 2626 2936 Mortem
2645 2869 2674 2909 ⁶
2749 2869 3032 2937 libenter

922 2982 957 3009 ‘⁸
1002 2974 1378 3060 amplector,
1422 2974 1582 3038 dum
1628 2974 1821 3039 modo
1868 2974 2140 3040 ecclesia
2198 2973 2274 3037 in
2318 2973 2639 3039 effusione
2683 2973 3027 3059 sanguinis

913 3083 949 3109 ‘⁴
993 3076 1127 3141 mei
1190 3096 1419 3162 pacem
1482 3080 1923 3161 consequatur
1985 3081 2056 3140 et
2129 3074 2566 3141 libertatem.''
2659 3074 2824 3154 Quis
2898 3076 3028 3141 isto

914 3176 1181 3241 videtur
1248 3177 1322 3240 in
1386 3177 1665 3243 caritate
1710 3176 2124 3242 ferventior?
2183 3177 2300 3262 qui
2346 3176 2506 3241 dum
2569 3198 2641 3241 se
2705 3197 2825 3262 pro
2882 3176 3028 3262 lege

914 3279 1044 3344 Dei
1105 3280 1637 3365 persecutoribus
1700 3278 2040 3366 offerebat,
2107 3279 2180 3343 in
2245 3279 2317 3343 id
2380 3278 2597 3344 solum
2663 3283 2806 3343 erat
2849 3277 3028 3355 solli-

916 3381 1102 3456 citus,
1166 3402 1251 3445 ne
1320 3380 1610 3466 proximi
1678 3379 1751 3443 in
1795 3378 2026 3465 aliquo
2089 3380 2509 3446 laederentur.
2600 3379 2820 3445 Verba
2881 3382 3028 3465 ejus

914 3502 1133 3547 nonne
1195 3480 1535 3547 Christum
1599 3481 1920 3546 videntur
1987 3480 2358 3567 exprimere
2421 3482 2494 3545 in
2557 3482 2858 3567 passione
2926 3482 3028 3546 di-

913 3589 1191 3661 centem,
1272 3582 1413 3648 “Si
1490 3604 1595 3647 me
1672 3584 1990 3669 quaeritiS‚
2067 3582 2264 3648 sinite
2341 3583 2462 3648 hos
2535 3583 2718 3648 abire
2740 3583 2820 3647 2”
2897 3583 3026 3648 His

915 3684 1130 3761 dictis,
1216 3684 1452 3749 videns
1528 3684 1867 3751 carnifices
1943 3684 2202 3749 eductis
2275 3685 2532 3771 gladiis,
2609 3686 2682 3747 in
2755 3686 3022 3750 modum
3123 3682 3128 3691 ’

914 3786 1166 3850 orantis
1262 3785 1613 3850 inclinavit
1706 3790 1924 3872 caput,
2000 3785 2140 3851 haec
2227 3786 2588 3851 novissima
2689 3786 3026 3871 proferens

913 3888 1155 3951 verba:
1200 3892 1236 3922 “
1268 3886 1428 3963 Deo,
1460 3891 1529 3952 et
1560 3886 1825 3953 Sanctae
1857 3886 2108 3964 Mariae,
2141 3892 2210 3951 et
2239 3888 2484 3953 sanctis
2513 3887 2712 3972 hujus
2743 3888 3025 3954 ecclesiae

914 3996 949 4022 “
993 3988 1307 4074 patroniS,
1354 3993 1424 4052 et
1468 3988 1662 4053 beato
1712 3988 2062 4072 DionysiO,
2111 3989 2500 4055 commendo
2543 4010 2650 4053 me
2693 3990 2910 4074 ipsum
2954 3996 3024 4055 et

916 4096 949 4123 “
995 4088 1281 4155 eeclesiae
1328 4088 1647 4153 causam?

1004 4190 1261 4256 Caetera
1305 4192 1454 4275 quis
1498 4191 1639 4255 sine
1684 4192 2002 4277 suspiriis,
2048 4191 2478 4278 singultibus,
2535 4194 2610 4256 'et
2668 4190 3021 4277 lachrymis

912 4289 1198 4356 referat?
1261 4290 1544 4377 Singula
1587 4294 1895 4378 prosequi
1923 4291 1948 4328 ⁷
1993 4294 2208 4378 pietas
2270 4313 2408 4357 non
2453 4294 2812 4377 permittit,
2874 4315 3021 4378 quae

978 4468 996 4500 ¹
1033 4484 1110 4526 cx,
1136 4468 1192 4516 Z.
2079 4468 2100 4497 ⁵
2136 4469 2241 4516 sive
2276 4505 2288 4516 .
2327 4504 2339 4516 .
2377 4504 2389 4515 .
2425 4467 2622 4527 nciam-i,
2647 4484 2748 4518 om.
2772 4470 2837 4517 Ο.

976 4544 998 4577 2
1041 4545 1111 4594 Ut
1137 4580 1150 4593 .
1185 4580 1197 4592 .
1236 4580 1248 4592 .
1272 4544 1604 4606 viva⁸‚Z‚G;
1628 4542 1914 4604 Jamsciae,
2081 4546 2103 4577 ⁶
2144 4546 2358 4595 Mortem
2392 4582 2406 4595 .
2445 4584 2457 4595 .
2495 4583 2506 4595 .
2548 4585 2559 4597 .
2595 4544 2898 4606 libertatem,
2921 4564 3020 4599 om.

910 4630 1130 4672 mortum
1151 4638 1222 4682 es,
1244 4621 1308 4672 Ο.
2013 4622 2076 4675 O.

892 4716 899 4723 ·
976 4699 997 4731 ³
1030 4716 1148 4758 meo,
1172 4700 1240 4761 Ο,
1262 4699 1338 4761 Ζς
1368 4715 1474 4749 0111.
1494 4700 1561 4753 G.
2075 4702 2096 4739 ⁷
2127 4704 2384 4768 persequi,
2407 4704 2472 4753 G.

977 4778 998 4811 ⁴
1030 4786 1080 4826 et
1116 4814 1127 4826 .
1164 4815 1175 4826 .
1214 4814 1227 4827 .
1263 4777 1596 4841 anathemare,
1620 4795 1720 4830 om.
1746 4779 1806 4830 Ο.
