3634 5800
612 900 749 951 An
777 884 999 972 1170]
1508 898 1872 950 nrlsrotffl.
2593 878 2726 949 387

615 1086 758 1171 ejus
804 1088 1111 1173 dicimus)
1161 1088 1384 1153 omnia
1449 1108 1568 1175 pro
1615 1086 1870 1152 viribus
1917 1108 2002 1151 ex
2043 1084 2441 1152 conscientia
2485 1084 2725 1149 refere-

620 1210 785 1267 mus,
860 1191 917 1254 si
998 1190 1215 1277 placet
1284 1190 1717 1255 committatis
1794 1189 2090 1267 arbitri0‚
2158 1188 2578 1275 excipienteS,
2669 1185 2726 1250 si
2753 1182 2953 1299 ἓίδῒὶξθ

622 1291 839 1355 visum
886 1292 1105 1369 fuerit,
1150 1304 1221 1357 et
1271 1298 1486 1357 vestro
1520 1292 1780 1379 judicio
1829 1297 2240 1356 reservantes
2299 1289 2726 1375 archiepisco·
2752 1263 2972 1365 tegme-

621 1413 783 1478 pum
828 1394 1323 1471 Eboracensem,
1368 1396 1485 1481 qui
1547 1394 1869 1459 malorum
1915 1392 2211 1460 omnium
2275 1388 2616 1459 incentor1
2660 1396 2729 1455 et
2754 1383 2913 1433 them.

623 1501 825 1580 caput
869 1502 983 1561 est.
1078 1497 1165 1563 Et
1212 1518 1611 1583 quamquam
1658 1496 2136 1561 Londoniensis
2195 1495 2552 1581 episcopus,
2598 1493 2730 1578 sig·

626 1597 799 1663 nifer
874 1600 1079 1663 totius
1146 1599 1349 1685 hujus
1411 1600 1777 1677 seditionis,
1824 1620 1906 1663 ne
1976 1598 2349 1665 schismatis
2417 1597 2728 1671 dicamus

628 1700 979 1778 exstiterit,
1024 1722 1331 1789 rogamus
1377 1706 1455 1767 ut
1500 1702 1691 1767 nobis
1753 1706 1894 1767 tam
1941 1701 2037 1765 illi
2103 1722 2302 1788 quam
2368 1698 2732 1767 Saresberi-

628 1802 770 1867 ensi
815 1802 1118 1889 episcopo
1161 1802 1357 1868 liceat
1401 1802 1711 1878 misereri,
1758 1802 1815 1865 si
1861 1802 2002 1867 sine
2061 1802 2436 1868 schismatis
2481 1802 2736 1866 instau-

628 1904 885 1968 ratione
925 1904 1127 1989 juxta
1179 1905 1566 1970 mandatum
1628 1910 1926 1969 vestrum
1973 1906 2195 1991 puniri
2241 1925 2377 1970 non
2439 1907 2734 1991 possunt.

632 2006 722 2070 Et
764 2007 923 2091 quia
967 2008 1375 2094 praecepistis
1421 2013 1501 2072 ut
1546 2008 1618 2071 in
1682 2007 1889 2072 verbo
1957 2007 2084 2073 hoc
2137 2007 2342 2093 juxta
2386 2005 2732 2074 consilium

635 2106 1183 2174 christianissimi
1252 2110 1425 2195 regis
1488 2109 1888 2175 Francorum
1959 2110 2470 2195 procederemus,
2533 2108 2734 2195 repri-

634 2211 872 2274 mendo
916 2209 1023 2275 vel
1068 2211 1471 2276 ostendendo
1520 2211 1781 2277 litteras
1831 2217 2098 2290 vestras,
2145 2213 2238 2279 sic
2256 2212 2282 2251 ²
2328 2213 2740 2300 procedimus

636 2312 717 2377 de
766 2312 1053 2377 ‘consilio
1118 2312 1261 2399 ejus
1327 2314 1661 2379 monentis
1730 2319 1809 2378 ut
1855 2314 2169 2399 speciales
2229 2314 2487 2380 litteras
2533 2314 2738 2400 impe-

636 2418 887 2477 tremus
917 2436 959 2479 a
986 2414 1178 2478 vobis
1224 2414 1305 2479 de
1351 2416 1779 2502 suspensione
1828 2416 2261 2481 Eboracensis
2291 2416 2434 2480 sine
2479 2416 2743 2481 laesione

639 2515 831 2601 regis,
894 2520 961 2580 et
1022 2516 1187 2581 alias
1257 2517 1337 2581 de
1400 2518 2077 2583 excommunicatione
2155 2518 2435 2582 duorum
2501 2519 2744 2604 episco-

640 2638 873 2701 porum
946 2616 1493 2701 [Londoniensis3
1556 2618 1867 2683 videlicet
1927 2624 1998 2683 et
2067 2618 2618 2705 Sarisberiensis],
2680 2624 2749 2684 et

642 2721 873 2785 tertias
904 2721 985 2785 de
1017 2723 1311 2785 omnium
1358 2722 1783 2807 suspensione
1832 2722 2325 2808 episcoporum3
2371 2722 2495 2787 hoc
2545 2724 2748 2788 etiam

642 2824 1016 2909 impetrato,
1065 2829 1143 2887 ut
1206 2823 1488 2910 singulis
1553 2828 1824 2889 utamur
1887 2833 2082 2910 prout
2147 2830 2410 2911 tempus
2457 2825 2750 2911 exegerit

644 2933 715 2990 et
758 2926 1109 2990 necessitas
1177 2947 1406 2991 causae.
1502 2927 1817 2996 Fluctuat
1883 2927 2080 3003 enim,
2129 2926 2282 2992 licet
2349 2928 2435 2992 ad
2480 2935 2748 3013 portum

646 3029 903 3093 venisse
948 3028 1273 3104 videatur,
1306 3028 1577 3094 ecclesia
1622 3029 2008 3114 Anglicana‚
2057 3033 2126 3094 et
2169 3028 2298 3092 nisi
2348 3051 2468 3094 rex
2512 3030 2573 3094 ei
2604 3051 2755 3115 pro·

647 3130 861 3194 missae
925 3129 1103 3214 pacis
1173 3130 1579 3195 conditiones
1647 3131 2042 3216 impleverit,
2091 3151 2350 3196 necesse
2414 3131 2616 3196 habet
2661 3136 2755 3208 ut,

650 3231 965 3296 adversus
1012 3230 1285 3295 insidias
1330 3231 1844 3318 malignantium
1891 3238 1960 3297 et
2004 3236 2492 3318 persecutorum
2540 3233 2756 3298 incur-

652 3355 781 3410 sus,
810 3333 1151 3398 muniatur
1194 3333 1394 3398 armis
1440 3334 1866 3419 protectionis
1913 3339 1982 3399 et
2011 3333 2476 3399 consolationis
2506 3341 2758 3399 vestrae.

656 3434 849 3516 Quod
896 3435 1165 3519 quidem
1234 3435 1332 3499 ita
1402 3435 1537 3510 fiet,
1602 3435 1659 3499 si
1720 3434 1970 3500 litteris
2032 3436 2272 3500 vestris
2319 3437 2760 3522 praeceperitis
2786 3442 3062 3508 Proposals

654 3536 1019 3601 venerabili
1082 3537 1273 3603 fratri
1326 3549 1552 3602 nostro
1600 3537 1864 3602 domino
1885 3537 1910 3576 ⁴
1955 3536 2296 3614 Meldensi,
2357 3544 2425 3603 et
2468 3538 2762 3625 probatae
2787 3515 2928 3640 ἰῗῃῒὲ,
2943 3509 3031 3558 ²¹¹⁹

658 3639 993 3725 religionis
1070 3639 1217 3703 viro
1296 3639 1351 3702 B
1444 3691 1459 3705 .
1552 3691 1563 3702 .
1658 3691 1670 3704 .
1765 3691 1777 3702 .
1873 3639 2100 3704 abbati
2183 3639 2412 3706 Sancti
2472 3639 2761 3727 Crispini

660 3741 1165 3816 SuessionensiS,
1230 3745 1559 3826 quatenus
1628 3762 1848 3826 regem
1918 3742 2314 3806 conveniant
2377 3747 2451 3806 ut
2517 3764 2762 3828 posses-

660 3845 877 3908 siones
922 3843 1211 3909 ecclesiae
1258 3849 1328 3908 et
1389 3842 1633 3908 damna
1702 3845 1946 3908 nostris
1991 3849 2060 3909 et
2106 3844 2296 3908 nobis
2342 3843 2532 3910 illata
2576 3847 2765 3910 resti-

660 3951 827 4021 tuat,
873 3945 1157 4009 sciturus
1203 3944 1623 4010 severitatem
1670 3943 2174 4010 ecclesiasticam
2221 3945 2650 4010 exercendam
2695 3947 2768 4010 in

661 4047 877 4131 ipsum
926 4051 997 4110 et
1041 4050 1281 4110 terram
1314 4067 1519 4121 suam,
1552 4046 1681 4109 nisi
1718 4046 2050 4110 mandatis
2095 4045 2330 4109 vestris
2361 4047 2770 4133 obtempera·

661 4147 879 4212 verit-'³
970 4146 1060 4208 Et
1103 4147 1157 4209 si
1207 4167 1325 4211 nec
1370 4146 1465 4211 sic
1532 4147 1801 4210 duxerit
1870 4145 2432 4230 acquiescendum,
2481 4147 2769 4211 conferte

664 4249 871 4325 nobiS,
917 4249 972 4310 si
1019 4246 1253 4332 placet,
1318 4249 1785 4313 auctoritatem
1855 4269 2054 4332 quam
2103 4247 2368 4312 domino
2414 4249 2772 4349 Rothoma:

667 4349 851 4436 gensi
932 4347 1307 4413 contulistis
1384 4355 1451 4413 et
1518 4349 1825 4435 episcopo
1889 4348 2310 4425 Nivernensi‚
2377 4354 2497 4413 aut
2573 4350 2772 4415 etiam

680 4491 824 4501 -——-

740 4567 755 4599 ¹
790 4567 1036 4633 inceptor,
1064 4565 1149 4626 A3
1186 4565 1429 4625 incentor,
1452 4566 1511 4628 Z,
1534 4565 1593 4615 L.
1837 4563 1859 4595 ⁴
1893 4562 2105 4624 domino,
2127 4579 2229 4614 om.
2252 4565 2324 4616 A.

738 4644 761 4677 ²
794 4646 887 4704 sic,
913 4643 975 4704 Ο,
999 4645 1082 4705 Α;
1117 4645 1264 4706 siem,
1289 4643 1350 4693 L.
1837 4641 1859 4674 ³
1894 4641 2269 4706 obtemperavit,
2291 4642 2363 4692 V.

743 4723 765 4754 ³
802 4721 1161 4772 Londoniemis
1212 4757 1224 4770 .
1273 4758 1286 4772 .
1334 4759 1347 4772 .
1396 4720 1685 4772 Saresbern'·

674 4802 831 4860 ensis,
854 4801 923 4862 A,
947 4799 1019 4860 23
1054 4815 1153 4850 om.
1179 4800 1239 4850 L.

2310 4897 2352 4943 B
2385 4895 2428 4943 Β
2473 4883 2513 4943 2
