3634 5800
602 863 735 915 Aa).
773 845 991 931 11'71.]
1471 860 1832 911 EPISTOLAE.
2586 843 2712 907 491

606 1048 701 1113 sic
776 1066 1005 1133 pacem
1080 1044 1513 1110 reformavit?
1623 1042 1864 1109 Nonne
1939 1044 2049 1109 hic
2124 1049 2226 1109 est
2299 1047 2407 1111 cui
2484 1067 2713 1133 nuper,

606 1148 983 1235 principum
1054 1149 1293 1213 timore
1358 1146 1743 1233 postposite,
1812 1151 2168 1233 spretaque
2241 1149 2347 1211 sui
2423 1149 2714 1234 corporis

608 1271 807 1336 poena
851 1255 921 1316 et
964 1249 1533 1315 schismaticorum
1592 1248 1871 1327 malitia,
1918 1249 2035 1334 qui
2081 1248 2452 1315 Britannici
2512 1252 2712 1315 maris

607 1352 901 1437 pericula
974 1352 1097 1416 vix
1193 1355 1511 1428 evaserat,
1587 1372 1738 1418 cum
1832 1351 2054 1416 caeteri
2144 1351 2552 1418 sustinerent
2625 1352 2713 1417 ad

608 1458 887 1539 tempuS,
944 1455 1085 1537 jam
1144 1453 1415 1539 Alpium
1484 1453 1608 1517 soli
1675 1452 2020 1539 angustias
2090 1455 2514 1539 transgressO,
2581 1474 2714 1538 quo

610 1577 681 1619 se
755 1556 945 1621 vobis
1040 1559 1262 1622 totum
1353 1556 1664 1632 crederet,
1756 1554 1976 1641 gratia
2076 1557 2316 1621 summi
2403 1557 2706 1623 obviavit

608 1656 941 1741 pontificis
1018 1656 1208 1743 quasi
1284 1661 1495 1721 mater
1569 1656 2021 1723 honorificata.
2147 1658 2348 1723 Unde
2423 1658 2706 1733 feliciter

609 1779 926 1836 reversus,
990 1758 1105 1843 qui
1183 1758 1503 1843 optimam
1550 1760 1658 1842 (ut
1720 1758 2042 1844 creditur)
2089 1764 2344 1845 partem
2391 1762 2697 1847 elegerat,

609 1858 696 1924 ab
740 1859 857 1924 illo
887 1859 1314 1945 exspectabat
1342 1858 1625 1924 ecclesiae
1668 1880 1898 1946 pacem
1943 1859 2018 1925 in
2063 1861 2271 1939 terris,
2337 1864 2453 1947 qui
2499 1864 2714 1930 factus

610 1966 712 2027 est
772 1982 907 2047 pax
983 1959 1361 2027 hominibus
1438 1960 1628 2027 bonae
1705 1961 2094 2028 voluntatis.
2219 1964 2414 2044 Quod
2488 1972 2715 2034 autem

612 2086 773 2143 eam,
823 2071 1148 2151 quantum
1215 2065 1315 2129 illi
1362 2064 1642 2150 desuper
1686 2066 1921 2132 datum
1981 2066 2224 2147 fuerat,
2270 2070 2672 2138 desideraret
2695 2072 2714 2109 ¹

610 2168 833 2233 animo
900 2174 970 2233 et
1032 2189 1225 2254 opere
1300 2173 1624 2252 quaereret
1686 2189 1763 2235 ac
1837 2171 2058 2248 verbe,
2135 2193 2272 2237 non
2331 2174 2545 2240 solum
2609 2179 2718 2261 (ut

488 2352 491 2355 ἦ
613 2270 865 2337 dictum
932 2274 1065 2354 est)
1125 2269 1257 2335 iter
1322 2268 1409 2333 ad
1475 2291 1594 2335 vos
1660 2276 1799 2336 tam
1845 2270 2133 2339 fideliter
2193 2296 2270 2341 ac
2339 2282 2718 2344 constanter

611 2377 951 2459 arreptum
1014 2372 1286 2449 indicat,
1331 2394 1565 2439 verum
1610 2374 1832 2451 etiam,
1878 2380 1958 2439 ut
2015 2396 2057 2441 a
2117 2377 2434 2463 legitimis
2480 2401 2716 2468 cogno-

612 2475 833 2541 vimus
877 2473 1177 2552 testibus‚
1224 2474 1298 2539 in
1340 2476 1673 2541 communi
1732 2477 1987 2561 synodo
2032 2478 2363 2565 singultus
2409 2486 2478 2545 et
2538 2484 2721 2549 unda

616 2576 1056 2661 lacrymarum
1102 2596 1267 2660 quas
1313 2575 1495 2641 fudit
1537 2597 1657 2661 pro
1704 2576 2109 2643 dissensione
2152 2580 2332 2645 inter
2376 2583 2718 2651 dominum

612 2698 833 2764 regem
899 2682 971 2741 et
1033 2676 1349 2743 dilectum
1416 2676 1560 2742 Deo
1626 2682 1696 2743 et
1769 2678 2175 2759 hominibus,
2253 2704 2431 2749 nunc
2499 2708 2720 2753 coram

617 2778 771 2863 Ipso
869 2782 1225 2863 patronum
1321 2785 1641 2856 nostrum,
1736 2779 2078 2845 dominum
2157 2783 2720 2857 cantuariensem.

618 2880 786 2961 Quis
830 2903 1007 2968 ergo,
1050 2879 1219 2946 bone
1264 2885 1473 2967 pater,
1518 2882 1712 2960 hunc,
1759 2882 1965 2949 talem
2023 2890 2419 2975 tantumque
2469 2890 2722 2959 Christi

618 2985 903 3050 ecclesiae
962 2983 1201 3061 virum,
1248 2983 1331 3048 de
1398 2984 1589 3051 nobis
1651 2985 1807 3050 filiis
1869 2990 2110 3054 vestris
2153 2991 2455 3077 judicare
2498 2997 2721 3063 minus

614 3091 994 3152 reverenter
1022 3089 1430 3171 praesumat?
1492 3086 1593 3152 Ut
1623 3088 2019 3174 quandoque
2051 3092 2230 3177 apud
2259 3114 2480 3181 regem
2513 3097 2720 3163 domi-

613 3209 777 3252 num
845 3186 1103 3252 foveret
1166 3187 1576 3265 discordiam,
1622 3190 1732 3254 vel
1798 3192 1990 3275 quasi
2058 3192 2195 3258 fieri
2261 3197 2468 3264 vellet
2525 3222 2725 3268 causa

616 3292 727 3357 vel
771 3291 1065 3358 conscius
1110 3295 1335 3355 reatus
1382 3291 1791 3377 cujusquam,
1839 3316 1970 3378 quo
2016 3317 2247 3382 pacem
2293 3301 2724 3371 confunderet

612 3393 801 3479 regni
846 3398 915 3458 et
958 3393 1272 3458 omnium.
1304 3392 1669 3458 offenderet
1728 3397 2170 3476 sanctitatem,
2213 3401 2530 3489 fieretque
2572 3426 2724 3492 per-

618 3499 879 3561 secutor
922 3493 1209 3560 ecclesiae
1255 3499 1511 3560 amator
1574 3495 1755 3560 illius
1802 3503 1872 3563 et
1917 3498 2218 3567 defensor
2286 3506 2594 3574 veritatis
2654 3515 2724 3575 et

606 3596 911 3683 justitiae.
1002 3595 1185 3682 Agat
1250 3596 1461 3683 igitur
1527 3598 1679 3683 pius
1743 3603 1948 3684 pater,
1995 3609 2185 3686 pater
2250 3609 2722 3692 sanctissimus,‚

620 3702 811 3784 pater
876 3698 1263 3784 spiritualis,
1327 3699 1445 3783 qui
1520 3701 1743 3766 omnia
1820 3701 2145 3788 dijudicat
2219 3714 2290 3773 et
2355 3731 2397 3774 a
2457 3715 2722 3780 nemine

611 3799 1003 3886 judicatur,²
1100 3823 1185 3866 ne
1260 3801 1458 3866 famae
1531 3808 1881 3870 contractu
1959 3828 2108 3892 quae
2203 3815 2546 3899 respondit
2640 3818 2723 3882 de

624 3901 892 3970 Christo
938 3909 974 3938 “
997 3901 1136 3966 Alii
1199 3902 1433 3968 dicunt
1478 3903 1636 3989 quia
1698 3905 1914 3972 bonus
1979 3913 2096 3988 est,
2143 3911 2260 3977 alii
2323 3935 2499 3994 vere,
2566 3939 2717 3998 non,
2749 3922 2904 3974 Joan.
2930 3921 3012 3975 vii.

620 4013 657 4040 “
703 4005 819 4070 sed
864 4005 1121 4070 seducit
1164 4004 1450 4082 turbaS,”
1519 4011 1714 4072 tanta
1779 4009 2067 4076 ecclesiae
2114 4013 2419 4082 columna
2463 4017 2548 4084 de
2591 4020 2720 4086 for-
2755 3993 2831 4041 ¹²⁶

620 4105 912 4172 titudine
986 4104 1181 4171 cadat
1254 4107 1496 4170 summi
1559 4108 1910 4192 pontificia
2011 4111 2100 4177 Et
2181 4118 2551 4200 praesertim
2627 4129 2722 4204 ut,

624 4208 909 4274 Domino
954 4210 1341 4293 cooperante
1385 4213 1455 4272 et
1514 4231 1877 4276 sermonem
1939 4215 2367 4284 confirmante
2427 4224 2724 4307 quotidie

622 4310 801 4396 apud
868 4329 990 4374 nos
1007 4306 1035 4347 ³
1108 4310 1536 4393 sequentibus
1598 4311 1822 4399 signis,
1889 4322 2113 4382 sumat
2172 4338 2214 4383 a
2273 4321 2462 4387 vobis
2531 4326 2727 4392 bene·-

625 4412 982 4480 dictionem
1012 4415 1358 4496 paternam
1404 4413 1477 4477 in
1508 4413 1766 4500 Spiritu
1797 4415 2060 4496 Sancto,
2091 4441 2208 4506 per
2237 4444 2434 4508 quem
2478 4429 2726 4495 mederi

690 4695 708 4727 ¹
743 4691 1066 4750 desideravit,
1090 4692 1156 4742 D.
1386 4709 1403 4722 ⁹
1784 4693 1807 4727 ⁸
1841 4709 1944 4753 vos,
1968 4695 2033 4747 D.

688 4773 709 4806 ²
745 4770 1070 4836 dijudicator,
1094 4770 1159 4822 G.
