3634 5800
708 4122 822 4173 The

710 4190 925 4266 writer's

712 4272 931 4306 services

1050 852 1177 914 558
1942 863 2296 913 Ems‘rom.
2769 846 2934 932 [an.
2969 845 3186 914 1173.

1868 1230 2318 1298 DCCXCIII.

1096 1383 1488 1449 ARNULFus
1535 1381 2008 1448 Lnxovmnms
2047 1359 2422 1448 'nrlscopos
2467 1397 2564 1446 An
2606 1383 3128 1446 Annxmnntm

1977 1498 2227 1550 PAPAM.

1801 1636 1885 1700 (J.
1906 1641 1970 1687 68
1991 1656 2006 1696 3
2041 1635 2248 1690 Amulf.
2271 1639 2382 1698 65.)

1135 1761 1417 1830 Felicem
1462 1785 1569 1829 me
1614 1767 1686 1828 et
1730 1765 1912 1829 omni
1958 1764 2280 1829 donatum
2327 1762 2746 1829 beatitudine
2780 1762 3166 1848 judicarem

1046 1864 1126 1942 si,
1170 1865 1279 1930 vel
1324 1867 1525 1931 semel
1570 1865 1804 1943 adhuc,
1875 1887 1981 1930 me
2027 1866 2115 1931 ad
2179 1865 2536 1930 videndam
2582 1865 2819 1931 faciem
2867 1871 3166 1929 vestram

1044 1967 1309 2032 bonitas
1386 1967 1617 2032 divina
1705 1967 2110 2053 perduceret,
2179 1972 2260 2032 ut
2350 1966 2880 2031 desiderantibus
2957 1965 3170 2030 oculis

1046 2068 1273 2135 vultus
1320 2069 1527 2134 vestri
1570 2069 1891 2134 serenitas
1948 2068 2371 2146 illucesceret,
2418 2072 2488 2133 et
2531 2068 2914 2134 ariditatem
2943 2087 3170 2131 meam

1044 2168 1366 2255 copiosior
1440 2170 1523 2234 de
1614 2170 1918 2256 proximo
2010 2170 2491 2235 benedictionis
2573 2174 2822 2234 vestrae
2913 2169 3172 2254 ligaret

1044 2273 1329 2336 ubertas.
1428 2272 1560 2337 Sed
1604 2293 1711 2336 me
1756 2277 1904 2336 tum
1925 2269 1951 2308 ¹
1997 2271 2374 2357 provectior
2416 2277 2618 2348 aetas,
2663 2275 2810 2335 tum
2865 2270 3172 2334 fortuitae

1045 2373 1410 2439 debilitatis
1455 2374 1964 2448 incommodum,
2011 2377 2160 2437 tum
2212 2373 2361 2458 ipsa
2403 2372 2627 2438 reddit
2670 2372 2962 2437 locorum
3035 2371 3172 2434 dis-

1045 2477 1263 2541 tantia
1308 2476 1749 2562 desperatum,
1817 2475 1978 2560 quia
2043 2475 2132 2539 ad
2189 2479 2292 2539 tot
2357 2475 2797 2561 peragrandas
2859 2474 3170 2559 regiones

1045 2577 1217 2643 forte
1262 2598 1386 2643 nec
1430 2582 1695 2661 tempus
1747 2577 2040 2661 spatium
2105 2596 2228 2642 nec
2272 2577 2640 2660 potentiam
2704 2575 3018 2640 debilitas
3067 2577 3172 2639 in-

1046 2677 1365 2763 dulgeret.
1457 2676 1655 2742 Facio
1702 2676 1978 2740 interim
2025 2675 2203 2760 quod
2251 2697 2538 2761 possum,
2583 2680 2653 2741 et
2717 2683 2972 2740 remoto
3019 2697 3172 2742 cor-

1049 2800 1205 2864 pore
1251 2798 1507 2863 semper
1536 2776 1727 2842 vobis
1770 2777 2100 2842 instantia
2145 2776 2442 2842 sollicitae
2489 2777 2858 2841 devotionis
2887 2777 3172 2854 assistit,

1048 2885 1117 2945 et
1184 2880 1270 2947 ad
1334 2884 1550 2946 status
1613 2879 1822 2945 vestri
1897 2878 2403 2965 prosperitatem
2473 2883 2542 2944 et
2607 2891 2838 2965 pacem
2913 2884 3173 2945 sanctae

1050 2982 1366 3049 Romanae
1412 2981 1699 3050 ecclesiae
1768 2980 2278 3068 perquirendam
2347 2980 2419 3045 in
2466 2981 2644 3046 omni
2689 2982 2850 3060 loco,
2897 2982 3166 3067 quotiae

1046 3086 1335 3171 refulget
1408 3084 1677 3164 occasio,
1744 3088 2093 3169 promptus
2161 3088 2230 3149 et
2285 3084 2497 3148 fidelis
2567 3104 2849 3150 occurro.
2939 3082 3168 3168 Siqui-

1047 3188 1198 3252 dem
1243 3188 1317 3249 in
1363 3184 1669 3251 omnibus
1717 3190 1943 3249 vestra
2006 3205 2112 3249 me
2177 3206 2434 3270 semper
2477 3190 2547 3250 et
2612 3186 3166 3271 praedecessorum

1046 3294 1419 3354 vestrorum
1482 3288 1700 3373 gratia
1762 3286 1922 3352 fecit
1944 3284 1969 3325 ²
2014 3292 2084 3351 et
2125 3286 2560 3352 beneficentia
2611 3287 2994 3364 debitorem,
3058 3288 3170 3351 ni-

1045 3389 1273 3476 hilque
1348 3388 1517 3453 mihi
1593 3387 1934 3453 molestius
2009 3392 2113 3452 est
2187 3409 2387 3472 quam
2463 3388 2640 3473 quod
2717 3409 2910 3453 omne
2985 3388 3166 3473 quod

1046 3513 1313 3577 possum
1389 3491 1476 3557 ad
1552 3490 1812 3555 debitas
1877 3490 2244 3577 gratiarum
2324 3512 2459 3556 non
2533 3490 2775 3557 sufficit
2851 3490 3168 3557 actionae.

1048 3594 1298 3659 Verum
1346 3596 1596 3677 quanto
1642 3592 1882 3657 merita
1924 3612 2074 3656 mea
2117 3591 2377 3655 minora
2423 3595 2600 3669 sunt,
2647 3596 2844 3656 tanto
2896 3592 3165 3656 animus

1047 3694 1133 3759 ad
1212 3692 1705 3779 obsequendum
1780 3691 2166 3778 propensior
2243 3696 2362 3769 est,
2430 3696 2623 3757 tanto
2691 3691 3000 3756 obnixior
3071 3693 3166 3756 ad

1048 3794 1398 3881 agendum,
1486 3791 1567 3857 u't
1655 3792 1905 3858 scilicet
1979 3793 2391 3879 impotentiae
2467 3792 2800 3859 defectum
2890 3793 3164 3858 devotio

1048 3895 1369 3982 suppleat,
1432 3914 1598 3979 quae,
1662 3892 2039 3978 ubicunque
2083 3893 2339 3959 sincera
2405 3900 2522 3958 est·
2573 3894 2849 3960 rectiore
2903 3893 3160 3979 judicio

1048 3995 1346 4083 quolibet
1388 4016 1580 4082 opere
1628 3994 1826 4059 debet
1869 3994 2196 4081 acceptior
2241 3994 2572 4061 aestimari.
2663 3994 2992 4061 Viderunt
3037 3994 3166 4061 hoc

1046 4098 1251 4184 legati
1318 4097 1523 4163 vestri
1593 4116 2038 4182 quoscumque
2103 4096 2188 4161 ab
2233 4096 2429 4160 initio
2491 4096 2578 4161 ad
2638 4102 2860 4182 partes
2904 4104 3164 4163 nostms

1048 4204 1270 4263 vestra
1338 4197 1705 4263 destinavit
1764 4197 2148 4273 auctoritas,
2215 4196 2542 4282 fidemque
2611 4203 2681 4261 et
2747 4197 3162 4284 diligentiam

710 4322 895 4386 during
917 4321 1007 4371 the
1048 4322 1263 4365 meam
1358 4299 1781 4364 evidentibus
1857 4320 2078 4363 rerum
2155 4299 2562 4383 argumentis
2638 4298 2893 4385 experti
2983 4304 3160 4373 sunt,

708 4388 968 4504 &gg-¹³8³·
1048 4402 1219 4467 sicut
1249 4400 1451 4466 etiam
1496 4399 1737 4465 litteris
1768 4420 1994 4464 eorum
2024 4399 2141 4484 qui
2170 4399 2524 4465 novissime
2554 4404 2881 4463 venerunt
2923 4406 3166 4464 vest-,rae

1048 4501 1270 4589 potuit
1312 4501 1718 4567 innotescere
1748 4498 2098 4583 majestati.
2193 4497 2536 4584 Siquidem
2581 4520 2732 4567 cum
2777 4522 2855 4565 ea
2890 4504 3160 4586 propter

1110 4756 1129 4790 ¹
1168 4764 1287 4818 tum,
1312 4757 1351 4809 J
1370 4776 1383 4816 ς
1421 4772 1545 4818 cum,
1569 4756 1634 4809 G.
2089 4755 2102 4822 Ι
2223 4755 2245 4788 ²
2265 4754 2422 4819 feeit,
2443 4756 2484 4807 J
2499 4776 2514 4817 3
2535 4755 2700 4820 facit,
2725 4754 2791 4807 G.
