<?xml version="1.0" encoding="UTF-8"?>
<!DOCTYPE html PUBLIC "-//W3C//DTD XHTML 1.0 Transitional//EN"
    "http://www.w3.org/TR/xhtml1/DTD/xhtml1-transitional.dtd">
<html xmlns="http://www.w3.org/1999/xhtml" xml:lang="en" lang="en">
 <head>
  <title>
</title>
<meta http-equiv="Content-Type" content="text/html;charset=utf-8" />
  <meta name='ocr-system' content='tesseract 3.04.00' />
  <meta name='ocr-capabilities' content='ocr_page ocr_carea ocr_par ocr_line ocrx_word'/>
</head>
<body>
  <div class='ocr_page' id='page_1' title='image "./materialsforhis00herbgoog_0149.png"; bbox 0 0 3634 5800; ppageno 0'>
   <div class='ocr_carea' id='block_1_1' title="bbox 897 856 3002 946">
    <p class='ocr_par' dir='ltr' id='par_1_1' title="bbox 897 856 3002 946">
     <span class='ocr_line' id='line_1_1' title="bbox 897 856 3002 946; baseline 0.006 -29"><span class='ocrx_word' id='word_1_1' title='bbox 897 856 1028 918; x_wconf 73' lang='lat'><strong>&#39;124</strong></span> <span class='ocrx_word' id='word_1_2' title='bbox 1775 873 2140 923; x_wconf 70' lang='lat' dir='ltr'><strong>arrs‘roLAE.</strong></span> <span class='ocrx_word' id='word_1_3' title='bbox 2621 862 2778 946; x_wconf 82' lang='lat' dir='ltr'><strong>[A.D.</strong></span> <span class='ocrx_word' id='word_1_4' title='bbox 2814 864 3002 928; x_wconf 88' lang='lat'>1169-</span> 
     </span>
    </p>
   </div>
   <div class='ocr_carea' id='block_1_2' title="bbox 528 1056 3076 4505">
    <p class='ocr_par' dir='ltr' id='par_1_2' title="bbox 528 1056 3076 4505">
     <span class='ocr_line' id='line_1_2' title="bbox 892 1056 3004 1135; baseline 0.001 -15"><span class='ocrx_word' id='word_1_5' title='bbox 892 1060 1169 1121; x_wconf 83' lang='lat' dir='ltr'><strong>extenta</strong></span> <span class='ocrx_word' id='word_1_6' title='bbox 1232 1070 1349 1134; x_wconf 86' lang='lat' dir='ltr'><strong>est,</strong></span> <span class='ocrx_word' id='word_1_7' title='bbox 1418 1057 1603 1121; x_wconf 88' lang='lat' dir='ltr'><strong>furor</strong></span> <span class='ocrx_word' id='word_1_8' title='bbox 1666 1056 1967 1121; x_wconf 87' lang='lat' dir='ltr'><strong>nondum</strong></span> <span class='ocrx_word' id='word_1_9' title='bbox 2029 1056 2380 1121; x_wconf 76' lang='lat' dir='ltr'>cohibetur</span> <span class='ocrx_word' id='word_1_10' title='bbox 2447 1078 2489 1122; x_wconf 90' lang='lat' dir='ltr'><strong>a</strong></span> <span class='ocrx_word' id='word_1_11' title='bbox 2541 1058 2751 1123; x_wconf 90' lang='lat' dir='ltr'><strong>vobis.</strong></span> <span class='ocrx_word' id='word_1_12' title='bbox 2846 1059 3004 1135; x_wconf 90' lang='lat' dir='ltr'>Ubi,</span> 
     </span>
     <span class='ocr_line' id='line_1_3' title="bbox 890 1159 3003 1245; baseline 0.002 -23"><span class='ocrx_word' id='word_1_13' title='bbox 890 1179 1133 1243; x_wconf 80' lang='lat' dir='ltr'><strong>quaeSO,</strong></span> <span class='ocrx_word' id='word_1_14' title='bbox 1178 1163 1386 1244; x_wconf 88' lang='lat' dir='ltr'><strong>pater,</strong></span> <span class='ocrx_word' id='word_1_15' title='bbox 1434 1160 1575 1224; x_wconf 86' lang='lat' dir='ltr'><strong>veri</strong></span> <span class='ocrx_word' id='word_1_16' title='bbox 1621 1159 1975 1224; x_wconf 89' lang='lat' dir='ltr'><strong>sacerdotii</strong></span> <span class='ocrx_word' id='word_1_17' title='bbox 2028 1159 2226 1237; x_wconf 77' lang='lat' dir='ltr'><strong>zeluS,</strong></span> <span class='ocrx_word' id='word_1_18' title='bbox 2273 1180 2404 1244; x_wconf 88' lang='lat' dir='ltr'><strong>quo</strong></span> <span class='ocrx_word' id='word_1_19' title='bbox 2465 1181 2534 1224; x_wconf 88' lang='lat' dir='ltr'><strong>se</strong></span> <span class='ocrx_word' id='word_1_20' title='bbox 2587 1161 3003 1245; x_wconf 74' lang='lat' dir='ltr'><strong>patriarchae,</strong></span> 
     </span>
     <span class='ocr_line' id='line_1_4' title="bbox 888 1260 3007 1349; baseline 0.001 -24"><span class='ocrx_word' id='word_1_21' title='bbox 888 1262 1246 1346; x_wconf 84' lang='lat' dir='ltr'><strong>prophetae,</strong></span> <span class='ocrx_word' id='word_1_22' title='bbox 1300 1261 1603 1349; x_wconf 87' lang='lat' dir='ltr'><strong>apostoli,</strong></span> <span class='ocrx_word' id='word_1_23' title='bbox 1650 1266 1719 1326; x_wconf 90' lang='lat' dir='ltr'><strong>et</strong></span> <span class='ocrx_word' id='word_1_24' title='bbox 1793 1260 2138 1346; x_wconf 88' lang='lat' dir='ltr'><strong>apostolici</strong></span> <span class='ocrx_word' id='word_1_25' title='bbox 2186 1261 2317 1324; x_wconf 89' lang='lat' dir='ltr'><strong>viri</strong></span> <span class='ocrx_word' id='word_1_26' title='bbox 2386 1262 2874 1347; x_wconf 88' lang='lat' dir='ltr'><strong>principatibus</strong></span> <span class='ocrx_word' id='word_1_27' title='bbox 2937 1269 3007 1328; x_wconf 91' lang='lat' dir='ltr'><strong>et</strong></span> 
     </span>
     <span class='ocr_line' id='line_1_5' title="bbox 884 1363 3000 1450; baseline 0.001 -23"><span class='ocrx_word' id='word_1_28' title='bbox 884 1364 1329 1448; x_wconf 73' lang='lat' dir='ltr'><strong>potestatibus</strong></span> <span class='ocrx_word' id='word_1_29' title='bbox 1374 1369 1827 1450; x_wconf 88' lang='lat' dir='ltr'><strong>opposuerunt</strong></span> <span class='ocrx_word' id='word_1_30' title='bbox 1871 1384 1993 1449; x_wconf 90' lang='lat' dir='ltr'><strong>pro</strong></span> <span class='ocrx_word' id='word_1_31' title='bbox 2039 1363 2234 1427; x_wconf 92' lang='lat' dir='ltr'><strong>domo</strong></span> <span class='ocrx_word' id='word_1_32' title='bbox 2282 1363 2577 1441; x_wconf 86' lang='lat' dir='ltr'><strong>Domini,</strong></span> <span class='ocrx_word' id='word_1_33' title='bbox 2624 1370 2881 1430; x_wconf 87' lang='lat' dir='ltr'><strong>stantes</strong></span> <span class='ocrx_word' id='word_1_34' title='bbox 2926 1366 3000 1429; x_wconf 92' lang='lat' dir='ltr'><strong>in</strong></span> 
     </span>
     <span class='ocr_line' id='line_1_6' title="bbox 884 1464 2999 1551; baseline 0.001 -21"><span class='ocrx_word' id='word_1_35' title='bbox 884 1465 1115 1550; x_wconf 84' lang='lat' dir='ltr'><strong>praelio</strong></span> <span class='ocrx_word' id='word_1_36' title='bbox 1159 1466 1233 1529; x_wconf 91' lang='lat' dir='ltr'><strong>in</strong></span> <span class='ocrx_word' id='word_1_37' title='bbox 1278 1466 1385 1530; x_wconf 88' lang='lat' dir='ltr'><strong>die</strong></span> <span class='ocrx_word' id='word_1_38' title='bbox 1431 1464 1851 1542; x_wconf 76' lang='lat' dir='ltr'><strong>discriminis.‚</strong></span> <span class='ocrx_word' id='word_1_39' title='bbox 1884 1472 1955 1529; x_wconf 90' lang='lat' dir='ltr'><strong>et</strong></span> <span class='ocrx_word' id='word_1_40' title='bbox 1996 1486 2114 1549; x_wconf 87' lang='lat' dir='ltr'><strong>per</strong></span> <span class='ocrx_word' id='word_1_41' title='bbox 2144 1464 2344 1528; x_wconf 88' lang='lat' dir='ltr'><strong>fidem</strong></span> <span class='ocrx_word' id='word_1_42' title='bbox 2375 1487 2580 1551; x_wconf 86' lang='lat' dir='ltr'><strong>regna</strong></span> <span class='ocrx_word' id='word_1_43' title='bbox 2610 1466 2999 1533; x_wconf 70' lang='lat' dir='ltr'><strong>vincentes?</strong></span> 
     </span>
     <span class='ocr_line' id='line_1_7' title="bbox 882 1565 2997 1652; baseline 0.001 -23"><span class='ocrx_word' id='word_1_44' title='bbox 882 1566 949 1629; x_wconf 93' lang='lat' dir='ltr'>N</span> <span class='ocrx_word' id='word_1_45' title='bbox 954 1567 1211 1652; x_wconf 88' lang='lat' dir='ltr'><strong>unquid</strong></span> <span class='ocrx_word' id='word_1_46' title='bbox 1256 1567 1398 1633; x_wconf 85' lang='lat' dir='ltr'><strong>haec</strong></span> <span class='ocrx_word' id='word_1_47' title='bbox 1443 1567 1692 1651; x_wconf 84' lang='lat' dir='ltr'><strong>scripta</strong></span> <span class='ocrx_word' id='word_1_48' title='bbox 1751 1571 1915 1630; x_wconf 87' lang='lat' dir='ltr'><strong>sunt</strong></span> <span class='ocrx_word' id='word_1_49' title='bbox 1958 1571 2038 1630; x_wconf 83' lang='lat' dir='ltr'><strong>ut</strong></span> <span class='ocrx_word' id='word_1_50' title='bbox 2081 1565 2330 1630; x_wconf 75' lang='lat' dir='ltr'><strong>fabulae</strong></span> <span class='ocrx_word' id='word_1_51' title='bbox 2372 1566 2513 1631; x_wconf 89' lang='lat' dir='ltr'><strong>sint</strong></span> <span class='ocrx_word' id='word_1_52' title='bbox 2556 1568 2997 1647; x_wconf 78' lang='lat' dir='ltr'><strong>narrantium,</strong></span> 
     </span>
     <span class='ocr_line' id='line_1_8' title="bbox 880 1668 2996 1755; baseline 0.001 -23"><span class='ocrx_word' id='word_1_53' title='bbox 880 1688 1016 1733; x_wconf 88' lang='lat' dir='ltr'><strong>non</strong></span> <span class='ocrx_word' id='word_1_54' title='bbox 1086 1669 1389 1755; x_wconf 85' lang='lat' dir='ltr'><strong>exempla</strong></span> <span class='ocrx_word' id='word_1_55' title='bbox 1455 1690 1713 1733; x_wconf 89' lang='lat' dir='ltr'><strong>morum</strong></span> <span class='ocrx_word' id='word_1_56' title='bbox 1779 1674 1849 1733; x_wconf 85' lang='lat' dir='ltr'><strong>et</strong></span> <span class='ocrx_word' id='word_1_57' title='bbox 1907 1668 2120 1733; x_wconf 89' lang='lat' dir='ltr'><strong>forma</strong></span> <span class='ocrx_word' id='word_1_58' title='bbox 2164 1668 2493 1733; x_wconf 73' lang='lat' dir='ltr'><strong>vivendi?</strong></span> <span class='ocrx_word' id='word_1_59' title='bbox 2584 1668 2753 1735; x_wconf 86' lang='lat' dir='ltr'><strong>Haec</strong></span> <span class='ocrx_word' id='word_1_60' title='bbox 2815 1670 2996 1734; x_wconf 90' lang='lat' dir='ltr'><strong>enim</strong></span> 
     </span>
     <span class='ocr_line' id='line_1_9' title="bbox 878 1768 2995 1855; baseline 0 -20"><span class='ocrx_word' id='word_1_61' title='bbox 878 1770 1387 1855; x_wconf 76' lang='lat' dir='ltr'><strong>praedicatorum</strong></span> <span class='ocrx_word' id='word_1_62' title='bbox 1435 1770 1803 1835; x_wconf 90' lang='lat' dir='ltr'><strong>volvuntur</strong></span> <span class='ocrx_word' id='word_1_63' title='bbox 1847 1769 1919 1832; x_wconf 90' lang='lat' dir='ltr'><strong>in</strong></span> <span class='ocrx_word' id='word_1_64' title='bbox 1967 1790 2094 1843; x_wconf 89' lang='lat' dir='ltr'><strong>ore,</strong></span> <span class='ocrx_word' id='word_1_65' title='bbox 2142 1769 2276 1843; x_wconf 88' lang='lat' dir='ltr'><strong>sed,</strong></span> <span class='ocrx_word' id='word_1_66' title='bbox 2309 1768 2519 1854; x_wconf 90' lang='lat' dir='ltr'><strong>(quod</strong></span> <span class='ocrx_word' id='word_1_67' title='bbox 2563 1769 2707 1834; x_wconf 88' lang='lat' dir='ltr'><strong>sine</strong></span> <span class='ocrx_word' id='word_1_68' title='bbox 2753 1770 2995 1836; x_wconf 84' lang='lat' dir='ltr'>rubore</span> 
     </span>
     <span class='ocr_line' id='line_1_10' title="bbox 879 1870 2993 1957; baseline 0.001 -22"><span class='ocrx_word' id='word_1_69' title='bbox 879 1876 948 1935; x_wconf 89' lang='lat' dir='ltr'><strong>et</strong></span> <span class='ocrx_word' id='word_1_70' title='bbox 1023 1871 1245 1936; x_wconf 90' lang='lat' dir='ltr'><strong>dolore</strong></span> <span class='ocrx_word' id='word_1_71' title='bbox 1319 1893 1456 1937; x_wconf 92' lang='lat' dir='ltr'><strong>non</strong></span> <span class='ocrx_word' id='word_1_72' title='bbox 1546 1871 1866 1957; x_wconf 91' lang='lat' dir='ltr'><strong>eloquor‚)</strong></span> <span class='ocrx_word' id='word_1_73' title='bbox 1947 1870 2124 1955; x_wconf 91' lang='lat' dir='ltr'><strong>quod</strong></span> <span class='ocrx_word' id='word_1_74' title='bbox 2204 1871 2349 1935; x_wconf 88' lang='lat' dir='ltr'><strong>vita</strong></span> <span class='ocrx_word' id='word_1_75' title='bbox 2422 1870 2780 1948; x_wconf 71' lang='lat' dir='ltr'><strong>convincit,</strong></span> <span class='ocrx_word' id='word_1_76' title='bbox 2856 1894 2993 1937; x_wconf 89' lang='lat' dir='ltr'><strong>non</strong></span> 
     </span>
     <span class='ocr_line' id='line_1_11' title="bbox 876 1972 2993 2048; baseline 0 -11"><span class='ocrx_word' id='word_1_77' title='bbox 876 1972 1213 2037; x_wconf 91' lang='lat' dir='ltr'><strong>habentur</strong></span> <span class='ocrx_word' id='word_1_78' title='bbox 1271 1973 1343 2037; x_wconf 90' lang='lat' dir='ltr'><strong>in</strong></span> <span class='ocrx_word' id='word_1_79' title='bbox 1411 1974 1621 2038; x_wconf 86' lang='lat' dir='ltr'><strong>corde.</strong></span> <span class='ocrx_word' id='word_1_80' title='bbox 1713 1972 1858 2036; x_wconf 91' lang='lat' dir='ltr'><strong>Aut</strong></span> <span class='ocrx_word' id='word_1_81' title='bbox 1916 1978 2111 2048; x_wconf 89' lang='lat' dir='ltr'><strong>certe,</strong></span> <span class='ocrx_word' id='word_1_82' title='bbox 2156 1972 2213 2035; x_wconf 90' lang='lat' dir='ltr'><strong>si</strong></span> <span class='ocrx_word' id='word_1_83' title='bbox 2273 1972 2657 2036; x_wconf 80' lang='lat' dir='ltr'><strong>retinentur</strong></span> <span class='ocrx_word' id='word_1_84' title='bbox 2718 1973 2792 2036; x_wconf 90' lang='lat' dir='ltr'><strong>in</strong></span> <span class='ocrx_word' id='word_1_85' title='bbox 2837 1994 2993 2038; x_wconf 86' lang='lat' dir='ltr'><strong>con-</strong></span> 
     </span>
     <span class='ocr_line' id='line_1_12' title="bbox 878 2072 2990 2160; baseline 0 -21"><span class='ocrx_word' id='word_1_86' title='bbox 878 2075 1200 2151; x_wconf 86' lang='lat' dir='ltr'><strong>scientia,1</strong></span> <span class='ocrx_word' id='word_1_87' title='bbox 1246 2075 1435 2160; x_wconf 84' lang='lat' dir='ltr'><strong>quasi</strong></span> <span class='ocrx_word' id='word_1_88' title='bbox 1483 2075 1786 2159; x_wconf 74' lang='lat' dir='ltr'><strong>quaedam</strong></span> <span class='ocrx_word' id='word_1_89' title='bbox 1833 2074 1906 2137; x_wconf 93' lang='lat' dir='ltr'><strong>in</strong></span> <span class='ocrx_word' id='word_1_90' title='bbox 1950 2073 2172 2136; x_wconf 90' lang='lat' dir='ltr'><strong>animo</strong></span> <span class='ocrx_word' id='word_1_91' title='bbox 2200 2072 2584 2137; x_wconf 83' lang='lat' dir='ltr'><strong>scribuntur</strong></span> <span class='ocrx_word' id='word_1_92' title='bbox 2619 2073 2990 2158; x_wconf 87' lang='lat' dir='ltr'><strong>justissime</strong></span> 
     </span>
     <span class='ocr_line' id='line_1_13' title="bbox 882 2173 2992 2261; baseline -0 -20"><span class='ocrx_word' id='word_1_93' title='bbox 882 2196 1108 2241; x_wconf 89' lang='lat' dir='ltr'><strong>eorum</strong></span> <span class='ocrx_word' id='word_1_94' title='bbox 1155 2177 1271 2261; x_wconf 91' lang='lat' dir='ltr'><strong>qui</strong></span> <span class='ocrx_word' id='word_1_95' title='bbox 1340 2176 1514 2241; x_wconf 90' lang='lat' dir='ltr'><strong>bona</strong></span> <span class='ocrx_word' id='word_1_96' title='bbox 1582 2176 1824 2240; x_wconf 82' lang='lat' dir='ltr'><strong>docent</strong></span> <span class='ocrx_word' id='word_1_97' title='bbox 1892 2179 1961 2239; x_wconf 87' lang='lat' dir='ltr'><strong>et</strong></span> <span class='ocrx_word' id='word_1_98' title='bbox 2023 2196 2159 2239; x_wconf 91' lang='lat' dir='ltr'><strong>non</strong></span> <span class='ocrx_word' id='word_1_99' title='bbox 2219 2173 2495 2251; x_wconf 87' lang='lat' dir='ltr'><strong>faciunt,</strong></span> <span class='ocrx_word' id='word_1_100' title='bbox 2543 2174 2992 2240; x_wconf 85' lang='lat' dir='ltr'><strong>damnationis</strong></span> 
     </span>
     <span class='ocr_line' id='line_1_14' title="bbox 879 2275 2987 2364; baseline 0 -22"><span class='ocrx_word' id='word_1_101' title='bbox 879 2284 1291 2364; x_wconf 87' lang='lat' dir='ltr'><strong>argumenta.</strong></span> <span class='ocrx_word' id='word_1_102' title='bbox 1385 2279 1473 2342; x_wconf 90' lang='lat' dir='ltr'><strong>Et</strong></span> <span class='ocrx_word' id='word_1_103' title='bbox 1536 2278 1805 2362; x_wconf 89' lang='lat' dir='ltr'><strong>quidem</strong></span> <span class='ocrx_word' id='word_1_104' title='bbox 1869 2275 2035 2340; x_wconf 89' lang='lat' dir='ltr'><strong>mihi</strong></span> <span class='ocrx_word' id='word_1_105' title='bbox 2104 2297 2244 2361; x_wconf 85' lang='lat' dir='ltr'><strong>prae</strong></span> <span class='ocrx_word' id='word_1_106' title='bbox 2308 2275 2560 2340; x_wconf 77' lang='lat' dir='ltr'><strong>caeteris</strong></span> <span class='ocrx_word' id='word_1_107' title='bbox 2629 2276 2853 2354; x_wconf 81' lang='lat' dir='ltr'><strong>time0‚</strong></span> <span class='ocrx_word' id='word_1_108' title='bbox 2902 2298 2987 2343; x_wconf 90' lang='lat' dir='ltr'><strong>ne</strong></span> 
     </span>
     <span class='ocr_line' id='line_1_15' title="bbox 878 2378 2989 2465; baseline -0 -21"><span class='ocrx_word' id='word_1_109' title='bbox 878 2382 1148 2465; x_wconf 84' lang='lat' dir='ltr'><strong>sanguis</strong></span> <span class='ocrx_word' id='word_1_110' title='bbox 1211 2380 1499 2446; x_wconf 77' lang='lat' dir='ltr'><strong>ecclesiae</strong></span> <span class='ocrx_word' id='word_1_111' title='bbox 1563 2380 1823 2444; x_wconf 90' lang='lat' dir='ltr'><strong>tamdiu</strong></span> <span class='ocrx_word' id='word_1_112' title='bbox 1900 2383 1972 2442; x_wconf 83' lang='lat' dir='ltr'><strong>et</strong></span> <span class='ocrx_word' id='word_1_113' title='bbox 2045 2382 2184 2443; x_wconf 87' lang='lat' dir='ltr'><strong>tam</strong></span> <span class='ocrx_word' id='word_1_114' title='bbox 2251 2378 2571 2443; x_wconf 88' lang='lat' dir='ltr'><strong>atrociter</strong></span> <span class='ocrx_word' id='word_1_115' title='bbox 2635 2383 2707 2443; x_wconf 90' lang='lat' dir='ltr'><strong>et</strong></span> <span class='ocrx_word' id='word_1_116' title='bbox 2767 2379 2989 2464; x_wconf 90' lang='lat' dir='ltr'><strong>palam</strong></span> 
     </span>
     <span class='ocr_line' id='line_1_16' title="bbox 877 2480 2990 2566; baseline 0 -20"><span class='ocrx_word' id='word_1_117' title='bbox 877 2481 1155 2559; x_wconf 87' lang='lat' dir='ltr'><strong>affiictae,</strong></span> <span class='ocrx_word' id='word_1_118' title='bbox 1220 2487 1291 2546; x_wconf 90' lang='lat' dir='ltr'><strong>et</strong></span> <span class='ocrx_word' id='word_1_119' title='bbox 1355 2481 1576 2546; x_wconf 90' lang='lat' dir='ltr'><strong>adhuc</strong></span> <span class='ocrx_word' id='word_1_120' title='bbox 1641 2480 1898 2560; x_wconf 83' lang='lat' dir='ltr'><strong>inultae,</strong></span> <span class='ocrx_word' id='word_1_121' title='bbox 1943 2482 2079 2546; x_wconf 91' lang='lat' dir='ltr'><strong>cito</strong></span> <span class='ocrx_word' id='word_1_122' title='bbox 2142 2480 2519 2566; x_wconf 85' lang='lat' dir='ltr'><strong>requiratur</strong></span> <span class='ocrx_word' id='word_1_123' title='bbox 2581 2501 2622 2543; x_wconf 87' lang='lat' dir='ltr'><strong>a</strong></span> <span class='ocrx_word' id='word_1_124' title='bbox 2686 2502 2832 2545; x_wconf 89' lang='lat' dir='ltr'><strong>me:</strong></span> <span class='ocrx_word' id='word_1_125' title='bbox 2913 2504 2990 2548; x_wconf 88' lang='lat' dir='ltr'><strong>eo</strong></span> 
     </span>
     <span class='ocr_line' id='line_1_17' title="bbox 878 2579 2990 2668; baseline 0 -21"><span class='ocrx_word' id='word_1_126' title='bbox 878 2585 1055 2668; x_wconf 90' lang='lat' dir='ltr'><strong>quod</strong></span> <span class='ocrx_word' id='word_1_127' title='bbox 1101 2585 1177 2648; x_wconf 92' lang='lat' dir='ltr'><strong>in</strong></span> <span class='ocrx_word' id='word_1_128' title='bbox 1219 2583 1409 2649; x_wconf 90' lang='lat' dir='ltr'><strong>brevi</strong></span> <span class='ocrx_word' id='word_1_129' title='bbox 1454 2583 1781 2648; x_wconf 86' lang='lat' dir='ltr'><strong>stabimus</strong></span> <span class='ocrx_word' id='word_1_130' title='bbox 1842 2603 2069 2647; x_wconf 87' lang='lat' dir='ltr'><strong>omnes</strong></span> <span class='ocrx_word' id='word_1_131' title='bbox 2137 2589 2294 2646; x_wconf 84' lang='lat' dir='ltr'><strong>ante</strong></span> <span class='ocrx_word' id='word_1_132' title='bbox 2357 2579 2655 2645; x_wconf 86' lang='lat' dir='ltr'><strong>tribunal</strong></span> <span class='ocrx_word' id='word_1_133' title='bbox 2720 2580 2990 2661; x_wconf 80' lang='lat' dir='ltr'><strong>Christi,</strong></span> 
     </span>
     <span class='ocr_line' id='line_1_18' title="bbox 877 2682 2991 2771; baseline 0 -21"><span class='ocrx_word' id='word_1_134' title='bbox 877 2686 1018 2750; x_wconf 86' lang='lat' dir='ltr'><strong>sine</strong></span> <span class='ocrx_word' id='word_1_135' title='bbox 1065 2686 1445 2771; x_wconf 87' lang='lat' dir='ltr'><strong>acceptione</strong></span> <span class='ocrx_word' id='word_1_136' title='bbox 1493 2705 1922 2770; x_wconf 89' lang='lat' dir='ltr'><strong>personarum</strong></span> <span class='ocrx_word' id='word_1_137' title='bbox 1955 2683 2288 2748; x_wconf 87' lang='lat' dir='ltr'><strong>reddituri</strong></span> <span class='ocrx_word' id='word_1_138' title='bbox 2335 2682 2663 2748; x_wconf 89' lang='lat' dir='ltr'><strong>rationem</strong></span> <span class='ocrx_word' id='word_1_139' title='bbox 2710 2682 2793 2749; x_wconf 89' lang='lat' dir='ltr'><strong>de</strong></span> <span class='ocrx_word' id='word_1_140' title='bbox 2837 2706 2991 2770; x_wconf 92' lang='lat' dir='ltr'><strong>ope-</strong></span> 
     </span>
     <span class='ocr_line' id='line_1_19' title="bbox 875 2783 2987 2871; baseline 0 -20"><span class='ocrx_word' id='word_1_141' title='bbox 875 2787 1059 2852; x_wconf 91' lang='lat' dir='ltr'><strong>ribus</strong></span> <span class='ocrx_word' id='word_1_142' title='bbox 1130 2792 1198 2853; x_wconf 88' lang='lat' dir='ltr'><strong>et</strong></span> <span class='ocrx_word' id='word_1_143' title='bbox 1266 2786 1913 2852; x_wconf 85' lang='lat' dir='ltr'><strong>dissimulationibus</strong></span> <span class='ocrx_word' id='word_1_144' title='bbox 1975 2785 2237 2850; x_wconf 90' lang='lat' dir='ltr'><strong>nostris.</strong></span> <span class='ocrx_word' id='word_1_145' title='bbox 2332 2783 2464 2848; x_wconf 88' lang='lat' dir='ltr'><strong>Sed</strong></span> <span class='ocrx_word' id='word_1_146' title='bbox 2524 2805 2763 2869; x_wconf 87' lang='lat' dir='ltr'><strong>regem,</strong></span> <span class='ocrx_word' id='word_1_147' title='bbox 2810 2787 2987 2871; x_wconf 91' lang='lat' dir='ltr'><strong>quod</strong></span> 
     </span>
     <span class='ocr_line' id='line_1_20' title="bbox 873 2885 3076 2976; baseline 0 -21"><span class='ocrx_word' id='word_1_148' title='bbox 873 2890 1049 2955; x_wconf 91' lang='lat' dir='ltr'><strong>ratio</strong></span> <span class='ocrx_word' id='word_1_149' title='bbox 1094 2888 1407 2976; x_wconf 85' lang='lat' dir='ltr'><strong>exigebat</strong></span> <span class='ocrx_word' id='word_1_150' title='bbox 1474 2893 1553 2953; x_wconf 93' lang='lat' dir='ltr'><strong>ut</strong></span> <span class='ocrx_word' id='word_1_151' title='bbox 1598 2888 2102 2954; x_wconf 84' lang='lat' dir='ltr'><strong>convinceretur</strong></span> <span class='ocrx_word' id='word_1_152' title='bbox 2146 2885 2407 2952; x_wconf 89' lang='lat' dir='ltr'><strong>malitia</strong></span> <span class='ocrx_word' id='word_1_153' title='bbox 2470 2885 2632 2971; x_wconf 48' lang='lat' dir='ltr'><strong>ejus</strong></span> <span class='ocrx_word' id='word_1_154' title='bbox 2678 2887 2987 2953; x_wconf 89' lang='lat' dir='ltr'><strong>voluistis</strong></span> <span class='ocrx_word' id='word_1_155' title='bbox 3071 2949 3076 2955; x_wconf 90' lang='lat'>.</span> 
     </span>
     <span class='ocr_line' id='line_1_21' title="bbox 873 2988 2988 3078; baseline -0.001 -22"><span class='ocrx_word' id='word_1_156' title='bbox 873 2993 1115 3078; x_wconf 84' lang='lat' dir='ltr'><strong>saepius</strong></span> <span class='ocrx_word' id='word_1_157' title='bbox 1162 2991 1580 3067; x_wconf 88' lang='lat' dir='ltr'><strong>commoneri,</strong></span> <span class='ocrx_word' id='word_1_158' title='bbox 1625 2995 1695 3055; x_wconf 87' lang='lat' dir='ltr'><strong>et</strong></span> <span class='ocrx_word' id='word_1_159' title='bbox 1762 2995 1865 3055; x_wconf 90' lang='lat' dir='ltr'><strong>est</strong></span> <span class='ocrx_word' id='word_1_160' title='bbox 1891 2989 1916 3028; x_wconf 74' lang='lat'>2</span> <span class='ocrx_word' id='word_1_161' title='bbox 1962 2988 2403 3053; x_wconf 88' lang='lat' dir='ltr'><strong>commonitus</strong></span> <span class='ocrx_word' id='word_1_162' title='bbox 2449 3009 2567 3073; x_wconf 90' lang='lat' dir='ltr'><strong>per</strong></span> <span class='ocrx_word' id='word_1_163' title='bbox 2611 2988 2873 3053; x_wconf 86' lang='lat' dir='ltr'><strong>litteras</strong></span> <span class='ocrx_word' id='word_1_164' title='bbox 2918 2995 2988 3054; x_wconf 90' lang='lat' dir='ltr'><strong>et</strong></span> 
     </span>
     <span class='ocr_line' id='line_1_22' title="bbox 873 3090 2986 3177; baseline -0 -20"><span class='ocrx_word' id='word_1_165' title='bbox 873 3094 1149 3159; x_wconf 90' lang='lat' dir='ltr'><strong>nuntios</strong></span> <span class='ocrx_word' id='word_1_166' title='bbox 1241 3098 1611 3169; x_wconf 87' lang='lat' dir='ltr'><strong>extraneos,</strong></span> <span class='ocrx_word' id='word_1_167' title='bbox 1687 3113 1807 3177; x_wconf 91' lang='lat' dir='ltr'><strong>per</strong></span> <span class='ocrx_word' id='word_1_168' title='bbox 1896 3090 2353 3165; x_wconf 56' lang='lat' dir='ltr'><strong>subdiaconos</strong></span> <span class='ocrx_word' id='word_1_169' title='bbox 2415 3110 2532 3174; x_wconf 90' lang='lat' dir='ltr'><strong>per</strong></span> <span class='ocrx_word' id='word_1_170' title='bbox 2620 3090 2986 3156; x_wconf 85' lang='lat' dir='ltr'><strong>cardinales</strong></span> 
     </span>
     <span class='ocr_line' id='line_1_23' title="bbox 872 3191 2981 3280; baseline -0.001 -21"><span class='ocrx_word' id='word_1_171' title='bbox 872 3200 1148 3273; x_wconf 87' lang='lat' dir='ltr'><strong>vestros,</strong></span> <span class='ocrx_word' id='word_1_172' title='bbox 1212 3217 1331 3280; x_wconf 89' lang='lat' dir='ltr'><strong>per</strong></span> <span class='ocrx_word' id='word_1_173' title='bbox 1395 3195 1751 3280; x_wconf 62' lang='lat' dir='ltr'><strong>episcopm,</strong></span> <span class='ocrx_word' id='word_1_174' title='bbox 1812 3214 1930 3277; x_wconf 88' lang='lat' dir='ltr'><strong>per</strong></span> <span class='ocrx_word' id='word_1_175' title='bbox 1990 3191 2286 3264; x_wconf 87' lang='lat' dir='ltr'><strong>abbates,</strong></span> <span class='ocrx_word' id='word_1_176' title='bbox 2335 3197 2405 3255; x_wconf 88' lang='lat' dir='ltr'><strong>et</strong></span> <span class='ocrx_word' id='word_1_177' title='bbox 2465 3211 2646 3255; x_wconf 91' lang='lat' dir='ltr'><strong>nunc</strong></span> <span class='ocrx_word' id='word_1_178' title='bbox 2708 3192 2981 3257; x_wconf 89' lang='lat' dir='ltr'><strong>tandem</strong></span> 
     </span>
     <span class='ocr_line' id='line_1_24' title="bbox 872 3291 2985 3382; baseline -0.001 -20"><span class='ocrx_word' id='word_1_179' title='bbox 872 3299 944 3362; x_wconf 92' lang='lat' dir='ltr'><strong>in</strong></span> <span class='ocrx_word' id='word_1_180' title='bbox 1020 3298 1153 3363; x_wconf 88' lang='lat' dir='ltr'><strong>fine</strong></span> <span class='ocrx_word' id='word_1_181' title='bbox 1231 3297 1451 3382; x_wconf 91' lang='lat' dir='ltr'><strong>quinti</strong></span> <span class='ocrx_word' id='word_1_182' title='bbox 1530 3295 1714 3370; x_wconf 86' lang='lat' dir='ltr'><strong>anni,</strong></span> <span class='ocrx_word' id='word_1_183' title='bbox 1787 3293 1978 3378; x_wconf 90' lang='lat' dir='ltr'><strong>quasi</strong></span> <span class='ocrx_word' id='word_1_184' title='bbox 2055 3291 2499 3378; x_wconf 86' lang='lat' dir='ltr'><strong>peremptorio</strong></span> <span class='ocrx_word' id='word_1_185' title='bbox 2575 3293 2805 3370; x_wconf 86' lang='lat' dir='ltr'><strong>edicto,</strong></span> <span class='ocrx_word' id='word_1_186' title='bbox 2866 3316 2985 3380; x_wconf 90' lang='lat' dir='ltr'><strong>per</strong></span> 
     </span>
     <span class='ocr_line' id='line_1_25' title="bbox 872 3394 2982 3481; baseline -0.001 -16"><span class='ocrx_word' id='word_1_187' title='bbox 872 3398 1211 3465; x_wconf 85' lang='lat' dir='ltr'><strong>dominum</strong></span> <span class='ocrx_word' id='word_1_188' title='bbox 1259 3399 1653 3463; x_wconf 87' lang='lat' dir='ltr'><strong>Gratianum</strong></span> <span class='ocrx_word' id='word_1_189' title='bbox 1706 3400 1774 3461; x_wconf 89' lang='lat' dir='ltr'><strong>et</strong></span> <span class='ocrx_word' id='word_1_190' title='bbox 1819 3395 2211 3481; x_wconf 82' lang='lat' dir='ltr'><strong>magistrum</strong></span> <span class='ocrx_word' id='word_1_191' title='bbox 2258 3394 2656 3476; x_wconf 88' lang='lat' dir='ltr'><strong>Vivianum;</strong></span> <span class='ocrx_word' id='word_1_192' title='bbox 2701 3401 2770 3460; x_wconf 90' lang='lat' dir='ltr'><strong>et</strong></span> <span class='ocrx_word' id='word_1_193' title='bbox 2814 3420 2982 3462; x_wconf 89' lang='lat' dir='ltr'><strong>sem-</strong></span> 
     </span>
     <span class='ocr_line' id='line_1_26' title="bbox 872 3495 2979 3587; baseline -0.001 -21"><span class='ocrx_word' id='word_1_194' title='bbox 872 3521 990 3587; x_wconf 88' lang='lat' dir='ltr'><strong>per</strong></span> <span class='ocrx_word' id='word_1_195' title='bbox 1065 3502 1245 3566; x_wconf 84' lang='lat' dir='ltr'><strong>facta</strong></span> <span class='ocrx_word' id='word_1_196' title='bbox 1322 3505 1484 3563; x_wconf 92' lang='lat' dir='ltr'><strong>sunt</strong></span> <span class='ocrx_word' id='word_1_197' title='bbox 1570 3497 1940 3562; x_wconf 87' lang='lat' dir='ltr'><strong>novissima</strong></span> <span class='ocrx_word' id='word_1_198' title='bbox 2012 3496 2156 3581; x_wconf 86' lang='lat' dir='ltr'><strong>ejus</strong></span> <span class='ocrx_word' id='word_1_199' title='bbox 2234 3495 2561 3560; x_wconf 87' lang='lat' dir='ltr'><strong>deteriora</strong></span> <span class='ocrx_word' id='word_1_200' title='bbox 2633 3497 2979 3582; x_wconf 80' lang='lat' dir='ltr'><strong>prioribus,</strong></span> 
     </span>
     <span class='ocr_line' id='line_1_27' title="bbox 872 3596 2985 3682; baseline -0.002 -15"><span class='ocrx_word' id='word_1_201' title='bbox 872 3603 1139 3668; x_wconf 86' lang='lat' dir='ltr'><strong>Referet</strong></span> <span class='ocrx_word' id='word_1_202' title='bbox 1182 3598 1374 3665; x_wconf 77' lang='lat' dir='ltr'><strong>haee⁸</strong></span> <span class='ocrx_word' id='word_1_203' title='bbox 1420 3598 1728 3664; x_wconf 90' lang='lat' dir='ltr'><strong>dominus</strong></span> <span class='ocrx_word' id='word_1_204' title='bbox 1776 3597 2155 3673; x_wconf 82' lang='lat' dir='ltr'><strong>Gratianus,</strong></span> <span class='ocrx_word' id='word_1_205' title='bbox 2202 3596 2318 3682; x_wconf 93' lang='lat' dir='ltr'><strong>qui</strong></span> <span class='ocrx_word' id='word_1_206' title='bbox 2363 3596 2434 3658; x_wconf 92' lang='lat' dir='ltr'><strong>in</strong></span> <span class='ocrx_word' id='word_1_207' title='bbox 2479 3600 2671 3660; x_wconf 88' lang='lat' dir='ltr'><strong>tanta</strong></span> <span class='ocrx_word' id='word_1_208' title='bbox 2714 3597 2985 3663; x_wconf 87' lang='lat' dir='ltr'><strong>sinceri-</strong></span> 
     </span>
     <span class='ocr_line' id='line_1_28' title="bbox 872 3697 2984 3785; baseline -0.001 -15"><span class='ocrx_word' id='word_1_209' title='bbox 872 3711 1010 3771; x_wconf 84' lang='lat' dir='ltr'><strong>tate</strong></span> <span class='ocrx_word' id='word_1_210' title='bbox 1076 3708 1145 3769; x_wconf 90' lang='lat' dir='ltr'><strong>et</strong></span> <span class='ocrx_word' id='word_1_211' title='bbox 1190 3703 1585 3768; x_wconf 88' lang='lat' dir='ltr'><strong>maturitate</strong></span> <span class='ocrx_word' id='word_1_212' title='bbox 1650 3707 2083 3766; x_wconf 87' lang='lat' dir='ltr'><strong>conversatus</strong></span> <span class='ocrx_word' id='word_1_213' title='bbox 2145 3704 2248 3763; x_wconf 84' lang='lat' dir='ltr'><strong>est</strong></span> <span class='ocrx_word' id='word_1_214' title='bbox 2292 3699 2365 3760; x_wconf 91' lang='lat' dir='ltr'><strong>in</strong></span> <span class='ocrx_word' id='word_1_215' title='bbox 2425 3697 2548 3763; x_wconf 91' lang='lat' dir='ltr'><strong>hoc</strong></span> <span class='ocrx_word' id='word_1_216' title='bbox 2591 3701 2858 3785; x_wconf 89' lang='lat' dir='ltr'><strong>negotio</strong></span> <span class='ocrx_word' id='word_1_217' title='bbox 2902 3707 2984 3767; x_wconf 90' lang='lat' dir='ltr'><strong>ut</strong></span> 
     </span>
     <span class='ocr_line' id='line_1_29' title="bbox 872 3800 2980 3888; baseline -0.001 -15"><span class='ocrx_word' id='word_1_218' title='bbox 872 3808 998 3873; x_wconf 90' lang='lat' dir='ltr'><strong>Dei</strong></span> <span class='ocrx_word' id='word_1_219' title='bbox 1063 3812 1134 3872; x_wconf 87' lang='lat' dir='ltr'><strong>et</strong></span> <span class='ocrx_word' id='word_1_220' title='bbox 1193 3807 1541 3871; x_wconf 90' lang='lat' dir='ltr'><strong>hominum</strong></span> <span class='ocrx_word' id='word_1_221' title='bbox 1606 3823 1918 3888; x_wconf 85' lang='lat' dir='ltr'><strong>magnam</strong></span> <span class='ocrx_word' id='word_1_222' title='bbox 1983 3802 2223 3866; x_wconf 89' lang='lat' dir='ltr'><strong>debeat</strong></span> <span class='ocrx_word' id='word_1_223' title='bbox 2285 3800 2571 3887; x_wconf 87' lang='lat' dir='ltr'><strong>gratiam</strong></span> <span class='ocrx_word' id='word_1_224' title='bbox 2648 3804 2980 3870; x_wconf 87' lang='lat' dir='ltr'><strong>meruisse.</strong></span> 
     </span>
     <span class='ocr_line' id='line_1_30' title="bbox 528 3902 2982 3995; baseline -0.001 -21"><span class='ocrx_word' id='word_1_225' title='bbox 528 3910 636 3958; x_wconf 56' lang='lat'><strong>*¹⁴1¹*</strong></span> <span class='ocrx_word' id='word_1_226' title='bbox 660 3910 824 3974; x_wconf 62' lang='lat' dir='ltr'><strong>kifls&#39;ffi</strong></span> <span class='ocrx_word' id='word_1_227' title='bbox 872 3910 1011 3974; x_wconf 90' lang='lat' dir='ltr'><strong>Nec</strong></span> <span class='ocrx_word' id='word_1_228' title='bbox 1057 3931 1175 3995; x_wconf 88' lang='lat' dir='ltr'><strong>per</strong></span> <span class='ocrx_word' id='word_1_229' title='bbox 1235 3928 1386 3972; x_wconf 91' lang='lat' dir='ltr'><strong>eum</strong></span> <span class='ocrx_word' id='word_1_230' title='bbox 1448 3905 1658 3981; x_wconf 88' lang='lat' dir='ltr'><strong>stetit,</strong></span> <span class='ocrx_word' id='word_1_231' title='bbox 1706 3924 1828 3968; x_wconf 90' lang='lat' dir='ltr'><strong>nec</strong></span> <span class='ocrx_word' id='word_1_232' title='bbox 1873 3925 1991 3988; x_wconf 86' lang='lat' dir='ltr'><strong>per</strong></span> <span class='ocrx_word' id='word_1_233' title='bbox 2035 3924 2174 3980; x_wconf 70' lang='lat' dir='ltr'><strong>noa,</strong></span> <span class='ocrx_word' id='word_1_234' title='bbox 2221 3902 2399 3987; x_wconf 89' lang='lat' dir='ltr'><strong>quod</strong></span> <span class='ocrx_word' id='word_1_235' title='bbox 2443 3923 2577 3987; x_wconf 85' lang='lat' dir='ltr'><strong>pax</strong></span> <span class='ocrx_word' id='word_1_236' title='bbox 2622 3903 2982 3971; x_wconf 81' lang='lat' dir='ltr'><strong>reformata</strong></span> 
     </span>
     <span class='ocr_line' id='line_1_31' title="bbox 528 3986 2976 4093; baseline -0.002 -18"><span class='ocrx_word' id='word_1_237' title='bbox 528 3986 828 4026; x_wconf 52' lang='lat' dir='ltr'><strong>nmmum*</strong></span> <span class='ocrx_word' id='word_1_238' title='bbox 871 4032 1001 4075; x_wconf 89' lang='lat' dir='ltr'><strong>non</strong></span> <span class='ocrx_word' id='word_1_239' title='bbox 1049 4014 1192 4088; x_wconf 84' lang='lat' dir='ltr'><strong>est3</strong></span> <span class='ocrx_word' id='word_1_240' title='bbox 1251 4008 1368 4072; x_wconf 89' lang='lat' dir='ltr'><strong>sed</strong></span> <span class='ocrx_word' id='word_1_241' title='bbox 1411 4007 1571 4093; x_wconf 90' lang='lat' dir='ltr'><strong>quia</strong></span> <span class='ocrx_word' id='word_1_242' title='bbox 1616 4028 1733 4070; x_wconf 85' lang='lat' dir='ltr'><strong>rex</strong></span> <span class='ocrx_word' id='word_1_243' title='bbox 1781 4005 1977 4069; x_wconf 91' lang='lat' dir='ltr'><strong>modo</strong></span> <span class='ocrx_word' id='word_1_244' title='bbox 2040 4004 2156 4081; x_wconf 85' lang='lat' dir='ltr'><strong>ait,</strong></span> <span class='ocrx_word' id='word_1_245' title='bbox 2203 4003 2400 4068; x_wconf 91' lang='lat' dir='ltr'><strong>modo</strong></span> <span class='ocrx_word' id='word_1_246' title='bbox 2448 4010 2668 4090; x_wconf 86' lang='lat' dir='ltr'><strong>negat,</strong></span> <span class='ocrx_word' id='word_1_247' title='bbox 2714 4011 2784 4070; x_wconf 92' lang='lat' dir='ltr'><strong>et</strong></span> <span class='ocrx_word' id='word_1_248' title='bbox 2831 4028 2976 4071; x_wconf 88' lang='lat' dir='ltr'><strong>ver-</strong></span> 
     </span>
     <span class='ocr_line' id='line_1_32' title="bbox 868 4105 2978 4190; baseline -0.001 -14"><span class='ocrx_word' id='word_1_249' title='bbox 868 4112 1187 4177; x_wconf 83' lang='lat' dir='ltr'><strong>sibilitate</strong></span> <span class='ocrx_word' id='word_1_250' title='bbox 1234 4109 1521 4174; x_wconf 88' lang='lat' dir='ltr'><strong>Prothea</strong></span> <span class='ocrx_word' id='word_1_251' title='bbox 1563 4107 1792 4172; x_wconf 90' lang='lat' dir='ltr'><strong>vincit.</strong></span> <span class='ocrx_word' id='word_1_252' title='bbox 1887 4105 2251 4170; x_wconf 86' lang='lat' dir='ltr'><strong>Gaufridus</strong></span> <span class='ocrx_word' id='word_1_253' title='bbox 2317 4126 2578 4190; x_wconf 91' lang='lat' dir='ltr'><strong>quoque</strong></span> <span class='ocrx_word' id='word_1_254' title='bbox 2646 4106 2978 4173; x_wconf 84' lang='lat' dir='ltr'><strong>archidia-</strong></span> 
     </span>
     <span class='ocr_line' id='line_1_33' title="bbox 868 4206 2976 4296; baseline -0.002 -18"><span class='ocrx_word' id='word_1_255' title='bbox 868 4234 1067 4279; x_wconf 85' lang='lat' dir='ltr'><strong>conus</strong></span> <span class='ocrx_word' id='word_1_256' title='bbox 1126 4211 1268 4296; x_wconf 84' lang='lat' dir='ltr'><strong>jam</strong></span> <span class='ocrx_word' id='word_1_257' title='bbox 1329 4209 1465 4274; x_wconf 88' lang='lat' dir='ltr'><strong>fere</strong></span> <span class='ocrx_word' id='word_1_258' title='bbox 1533 4208 1778 4273; x_wconf 89' lang='lat' dir='ltr'><strong>factam</strong></span> <span class='ocrx_word' id='word_1_259' title='bbox 1848 4206 2210 4292; x_wconf 88' lang='lat' dir='ltr'><strong>impedivit</strong></span> <span class='ocrx_word' id='word_1_260' title='bbox 2273 4227 2520 4290; x_wconf 88' lang='lat' dir='ltr'><strong>pacem,</strong></span> <span class='ocrx_word' id='word_1_261' title='bbox 2574 4209 2976 4291; x_wconf 89' lang='lat' dir='ltr'><strong>persuadens</strong></span> 
     </span>
     <span class='ocr_line' id='line_1_34' title="bbox 864 4308 2975 4402; baseline -0.002 -22"><span class='ocrx_word' id='word_1_262' title='bbox 864 4317 1001 4402; x_wconf 86' lang='lat' dir='ltr'><strong>regi</strong></span> <span class='ocrx_word' id='word_1_263' title='bbox 1048 4320 1129 4379; x_wconf 90' lang='lat' dir='ltr'><strong>ut</strong></span> <span class='ocrx_word' id='word_1_264' title='bbox 1192 4312 1381 4377; x_wconf 85' lang='lat' dir='ltr'><strong>nulla</strong></span> <span class='ocrx_word' id='word_1_265' title='bbox 1441 4310 1699 4375; x_wconf 89' lang='lat' dir='ltr'><strong>ratione</strong></span> <span class='ocrx_word' id='word_1_266' title='bbox 1768 4313 2208 4394; x_wconf 90' lang='lat' dir='ltr'><strong>componeret,</strong></span> <span class='ocrx_word' id='word_1_267' title='bbox 2256 4308 2387 4372; x_wconf 91' lang='lat' dir='ltr'><strong>nisi</strong></span> <span class='ocrx_word' id='word_1_268' title='bbox 2433 4313 2700 4375; x_wconf 81' lang='lat' dir='ltr'><strong>extorta</strong></span> <span class='ocrx_word' id='word_1_269' title='bbox 2721 4308 2748 4347; x_wconf 81' lang='lat'><strong>‘¹</strong></span> <span class='ocrx_word' id='word_1_270' title='bbox 2808 4311 2975 4376; x_wconf 93' lang='lat' dir='ltr'><strong>obli-</strong></span> 
     </span>
     <span class='ocr_line' id='line_1_35' title="bbox 856 4410 2973 4505; baseline -0.003 -22"><span class='ocrx_word' id='word_1_271' title='bbox 856 4418 1125 4505; x_wconf 85' lang='lat' dir='ltr'><strong>gatione</strong></span> <span class='ocrx_word' id='word_1_272' title='bbox 1171 4413 1642 4479; x_wconf 85' lang='lat' dir='ltr'><strong>servandarum</strong></span> <span class='ocrx_word' id='word_1_273' title='bbox 1672 4410 2286 4484; x_wconf 85' lang='lat' dir='ltr'><strong>·c0nsuetudinum;</strong></span> <span class='ocrx_word' id='word_1_274' title='bbox 2362 4430 2542 4494; x_wconf 89' lang='lat' dir='ltr'><strong>quas,</strong></span> <span class='ocrx_word' id='word_1_275' title='bbox 2589 4417 2669 4475; x_wconf 88' lang='lat' dir='ltr'><strong>ut</strong></span> <span class='ocrx_word' id='word_1_276' title='bbox 2712 4411 2973 4478; x_wconf 82' lang='lat' dir='ltr'><strong>facilius</strong></span> 
     </span>
    </p>
   </div>
   <div class='ocr_carea' id='block_1_3' title="bbox 852 4606 2621 4747">
    <p class='ocr_par' dir='ltr' id='par_1_3' title="bbox 852 4606 2621 4747">
     <span class='ocr_line' id='line_1_36' title="bbox 924 4606 2621 4675; baseline -0.003 -11"><span class='ocrx_word' id='word_1_277' title='bbox 924 4617 938 4650; x_wconf 88' lang='lat'>¹</span> <span class='ocrx_word' id='word_1_278' title='bbox 973 4615 1213 4675; x_wconf 72' lang='lat' dir='ltr'><strong>scientia,</strong></span> <span class='ocrx_word' id='word_1_279' title='bbox 1234 4612 1293 4674; x_wconf 92' lang='lat' dir='ltr'><strong>Z,</strong></span> <span class='ocrx_word' id='word_1_280' title='bbox 1316 4610 1435 4662; x_wconf 82' lang='lat' dir='ltr'><strong>with</strong></span> <span class='ocrx_word' id='word_1_281' title='bbox 1459 4609 1540 4660; x_wconf 81' lang='lat' dir='ltr'><strong>vel</strong></span> <span class='ocrx_word' id='word_1_282' title='bbox 1560 4610 1861 4660; x_wconf 70' lang='lat' dir='ltr'><strong>conscientia</strong></span> <span class='ocrx_word' id='word_1_283' title='bbox 2027 4609 2048 4642; x_wconf 84' lang='lat'><strong>³</strong></span> <span class='ocrx_word' id='word_1_284' title='bbox 2081 4606 2200 4669; x_wconf 75' lang='lat' dir='ltr'><strong>hoec,</strong></span> <span class='ocrx_word' id='word_1_285' title='bbox 2223 4608 2308 4669; x_wconf 83' lang='lat' dir='ltr'><strong>A;</strong></span> <span class='ocrx_word' id='word_1_286' title='bbox 2345 4607 2451 4671; x_wconf 76' lang='lat' dir='ltr'><strong>hoc,</strong></span> <span class='ocrx_word' id='word_1_287' title='bbox 2475 4609 2534 4670; x_wconf 92' lang='lat' dir='ltr'><strong>Z,</strong></span> <span class='ocrx_word' id='word_1_288' title='bbox 2559 4610 2621 4659; x_wconf 80' lang='lat' dir='ltr'><strong>L.</strong></span> 
     </span>
     <span class='ocr_line' id='line_1_37' title="bbox 852 4683 2392 4747; baseline -0.008 -1"><span class='ocrx_word' id='word_1_289' title='bbox 852 4696 1020 4746; x_wconf 81' lang='lat' dir='ltr'><strong>interl.</strong></span> <span class='ocrx_word' id='word_1_290' title='bbox 2030 4686 2050 4719; x_wconf 85' lang='lat'><strong>⁴</strong></span> <span class='ocrx_word' id='word_1_291' title='bbox 2083 4702 2144 4734; x_wconf 73' lang='lat' dir='ltr'><strong>ex</strong></span> <span class='ocrx_word' id='word_1_292' title='bbox 2169 4692 2296 4747; x_wconf 75' lang='lat' dir='ltr'><strong>tota,</strong></span> <span class='ocrx_word' id='word_1_293' title='bbox 2320 4683 2392 4735; x_wconf 85' lang='lat' dir='ltr'><strong>L.</strong></span> 
     </span>
    </p>
   </div>
   <div class='ocr_carea' id='block_1_4' title="bbox 916 4768 1584 4835">
    <p class='ocr_par' dir='ltr' id='par_1_4' title="bbox 916 4768 1584 4835">
     <span class='ocr_line' id='line_1_38' title="bbox 916 4768 1584 4835; baseline -0.007 -11"><span class='ocrx_word' id='word_1_294' title='bbox 916 4774 938 4806; x_wconf 79' lang='lat'>²</span> <span class='ocrx_word' id='word_1_295' title='bbox 971 4780 1064 4835; x_wconf 74' lang='lat' dir='ltr'><strong>est,</strong></span> <span class='ocrx_word' id='word_1_296' title='bbox 1088 4773 1161 4833; x_wconf 87' lang='lat' dir='ltr'><strong>V,</strong></span> <span class='ocrx_word' id='word_1_297' title='bbox 1185 4772 1251 4833; x_wconf 90' lang='lat' dir='ltr'><strong>O,</strong></span> <span class='ocrx_word' id='word_1_298' title='bbox 1278 4770 1362 4830; x_wconf 81' lang='lat' dir='ltr'><strong>A;</strong></span> <span class='ocrx_word' id='word_1_299' title='bbox 1396 4784 1498 4819; x_wconf 89' lang='lat' dir='ltr'><strong>om.</strong></span> <span class='ocrx_word' id='word_1_300' title='bbox 1522 4768 1584 4819; x_wconf 88' lang='lat' dir='ltr'><strong>L.</strong></span> 
     </span>
    </p>
   </div>
  </div>
 </body>
</html>
