3634 5800
642 881 773 935 Aa).
810 863 1034 954 1170]
1517 879 1877 932 EPISTOLAE.
2614 863 2739 935 2¹71

643 1066 836 1142 rium,
911 1089 1363 1156 oppressorum
1439 1068 1682 1134 clamor
1775 1065 2143 1134 clementiae
2238 1071 2479 1132 vestrae
2553 1085 2743 1131 aures

641 1168 961 1254 attigerit,
1027 1189 1286 1236 necesse
1352 1175 1454 1235 est
1521 1168 1877 1234 subveniat
1951 1168 2287 1234 miseratio
2362 1170 2600 1242 vestra,
2666 1171 2747 1230 ut

644 1269 904 1337 militiae
950 1277 1188 1339 vestrae
1233 1272 1435 1340 armis
1461 1271 1732 1339 collidas
1777 1292 1939 1337 vasa
1984 1270 2364 1355 iniquitatis
2406 1269 2743 1336 bellantia.

645 1370 755 1439 Sic
799 1373 975 1438 enim
1021 1373 1438 1460 congregatio
1482 1372 1851 1458 hypocritae
1895 1371 2139 1436 sterilis
2184 1371 2328 1448 erit,
2374 1393 2526 1438 cum
2572 1371 2745 1456 ignis

643 1478 864 1538 vester
936 1474 1352 1541 devoraverit
1449 1473 1878 1539 tabernacula
1963 1493 2187 1538 eorum
2263 1472 2379 1557 qui
2472 1491 2747 1538 munera

643 1573 926 1641 libenter
969 1577 1319 1662 accipiunt.
1412 1575 1543 1642 Illa
1601 1580 1829 1641 tamen
1889 1575 2291 1660 leprosorum
2338 1573 2548 1638 flabra
2590 1573 2747 1640 huic

644 1682 872 1742 sancto
934 1667 1204 1744 inimica
1269 1678 1410 1765 igni
1473 1697 1732 1763 semper
1794 1676 1961 1740 mihi
2008 1681 2311 1763 suspecta
2354 1680 2558 1756 sunt;
2620 1676 2747 1740 tibi

643 1777 864 1854 nunc,1
911 1779 1174 1844 domine
1219 1778 1329 1856 mi,
1385 1779 1632 1845 locutio
1685 1778 1843 1845 haec.
1941 1778 2040 1843 Ut
2068 1783 2296 1843 autem
2342 1778 2747 1843 sublimitati

648 1884 881 1945 vestrae
925 1901 1061 1948 non
1105 1886 1245 1946 tam
1290 1886 1535 1947 temere
1580 1899 1779 1965 quam
1838 1879 2071 1944 timide
2118 1879 2292 1964 quod
2338 1880 2701 1966 negotiatio
2722 1878 2748 1919 ²

643 1982 987 2067 proficeret
1049 1983 1351 2068 eloquar:
1413 1983 1470 2047 si
1532 1982 1704 2048 forte
1771 2002 1892 2048 nos
1914 1979 1943 2020 ³
1983 1982 2305 2048 viatorem
2368 1982 2747 2067 reperimus,

642 2083 914 2168 expedit
963 2089 1038 2148 ut
1081 2089 1379 2149 vestrum
1441 2083 1683 2169 aliquis
1727 2104 1866 2147 una
1909 2103 2061 2148 cum
2128 2083 2375 2148 nostris
2444 2083 2745 2149 remitta-

645 2190 797 2264 tur3
871 2185 1166 2270 alioquin
1241 2181 1549 2270 pr’ofect0‚
1624 2185 1754 2248 nisi
1831 2183 1931 2247 illi
2008 2183 2452 2249 dominatores
2526 2185 2737 2250 nostri

643 2291 998 2351 vereantur
1059 2288 1294 2353 faciem
1358 2291 1667 2363 vestram,
1737 2306 2045 2350 veremur
2119 2305 2238 2349 nos
2333 2306 2418 2350 ne
2514 2287 2743 2351 absor-

643 2389 916 2453 beamur
975 2411 1018 2453 a
1083 2387 1410 2468 dracone‚⁴
1473 2392 1542 2452 et
1608 2387 1710 2450 illi
1787 2386 2087 2471 repleant
2169 2392 2473 2451 ventrem
2552 2409 2747 2452 suum

644 2489 726 2554 de
789 2489 1254 2555 temeritudine
1318 2495 1560 2554 nostra.
1655 2487 1749 2551 Ni
1811 2487 2019 2566 fallor,
2064 2488 2191 2552 scit
2236 2494 2306 2552 ct
2365 2509 2543 2554 nunc
2588 2489 2749 2575 quid

643 2591 860 2656 verbis
904 2591 1306 2677 propheticis
1357 2590 1718 2676 significem
1764 2588 2123 2673 prudentia
2167 2595 2403 2655 vestra.
2482 2591 2750 2669 Verum,

645 2714 729 2758 ne
775 2692 1150 2758 sanctitatis
1209 2696 1448 2757 vestrae
1495 2690 1799 2756 auditum
1861 2689 2261 2775 insipientiae
2323 2713 2484 2757 meae
2530 2693 2748 2758 verbis

647 2794 900 2859 diutius
967 2815 1196 2870 morer,
1242 2793 1314 2858 id
1377 2793 1450 2857 in
1511 2790 1684 2857 calce
1743 2793 2061 2856 sermonis
2118 2791 2375 2877 adjicio,
2423 2799 2747 2878 quantum

647 2897 860 2962 omnis
905 2895 1175 2964 ecclesia
1236 2896 1310 2959 in
1369 2893 1902 2959 miserationibus
1950 2893 2214 2960 domino
2261 2893 2743 2974 Cantuaricnsi,

647 3019 827 3062 nunc
885 2997 1248 3083 praesertim
1317 2997 1390 3061 in
1448 2994 1572 3061 hac
1639 2993 2039 3079 profectione
2085 3001 2306 3061 vestra
2324 2993 2353 3031 ⁶
2412 2997 2749 3078 exhibitis,

645 3105 935 3165 vestram
981 3119 1180 3185 supra
1223 3098 1490 3164 modum
1537 3096 1879 3162 caritatem
1924 3097 2345 3176 concelebret,
2392 3103 2461 3163 et
2524 3119 2751 3183 pacem

647 3200 840 3265 nobis
909 3222 1108 3287 opera
1172 3204 1416 3275 vestra,
1481 3199 1754 3262 favente
1832 3196 2139 3273 Domin0,
2213 3198 2560 3278 redditam,
2636 3222 2749 3265 scu

649 3302 852 3368 ctiam
888 3302 1246 3388 justitiam,
1291 3300 1349 3365 si
1392 3320 1622 3385 pacem
1668 3299 2089 3384 praecesserit,
2133 3300 2207 3363 in
2252 3300 2749 3368 miserationum

649 3408 1020 3469 vestrarum
1083 3403 1381 3489 catalogo
1457 3400 1657 3466 audio
1723 3400 1865 3484 jam
1928 3405 1997 3464 et
2071 3400 2325 3486 gaudeo
2400 3404 2749 3469 numerari.

651 3506 878 3571 Unum
925 3510 1150 3569 autem
1195 3510 1297 3569 est
1358 3503 1536 3589 quod
1579 3502 1790 3568 celare
1848 3522 1985 3566 non
2047 3522 2330 3586 possum,
2374 3502 2751 3589 falsiloquos
2775 3512 2927 3563 Falso

650 3606 968 3691 quosdam
1027 3607 1198 3692 regis
1247 3605 1612 3691 Anglorum
1672 3603 1963 3680 nunffioe,
2010 3610 2419 3669 revertentes
2466 3627 2509 3669 a
2552 3607 2752 3682 curia,
2774 3586 2975 3708 ’ἓξὲξ

646 3709 936 3773 ventosis
979 3708 1198 3773 verbis
1249 3712 1460 3772 totam
1531 3710 1774 3769 terram
1834 3704 2254 3789 implevisse3
2312 3707 2429 3790 qui
2488 3728 2750 3772 causam

651 3817 889 3877 vestrae
953 3810 1380 3896 profectionis
1443 3812 1513 3873 et
1575 3806 1824 3891 negotii
1886 3806 2129 3872 intima
2192 3807 2559 3893 cuicunque
2618 3810 2751 3875 dis·

651 3911 1068 3976 seminabant
1143 3914 1212 3975 et
1301 3908 1714 3975 auditoribus
1790 3908 1989 3973 etiam
2069 3907 2429 3975 sibilabant
2503 3910 2751 3975 invitis.

650 4013 974 4079 Ricardus
1017 4018 1242 4079 autem
1288 4011 1494 4076 Barre
1523 4016 1668 4076 erat
1711 4010 2015 4095 princeps
2062 4010 2445 4095 prophetiae.
2524 4012 2753 4077 Unum

650 4116 802 4192 scic,
848 4114 1027 4201 quod
1089 4114 1174 4179 iis
1217 4113 1274 4179 si
1321 4111 1598 4180 consilia
1664 4115 1892 4176 vestra
1951 4111 2339 4189 credidistis,
2388 4112 2752 4197 proditores

650 4222 852 4296 sunt;
917 4216 976 4281 si
1033 4236 1194 4282 vero
1257 4235 1396 4281 non
1455 4213 1855 4291 credidistiS‚
1914 4213 2275 4279 mendaces,
2370 4214 2753 4281 Vestrorum

650 4322 877 4382 tamen
943 4316 1269 4393 nonnulli,
1332 4316 1418 4383 ad
1483 4314 1885 4382 credendum
1956 4314 2251 4390 leviores,
2318 4315 2404 4379 ad
2477 4322 2754 4382 ventum

2716 4498 2745 4505 .-

719 4593 735 4625 ¹
769 4599 974 4643 cernunt
1002 4592 1110 4655 (for
1133 4592 1229 4642 tibi
1251 4592 1430 4653 nunc),
1455 4589 1520 4643 G.
1827 4589 1847 4621 ⁴
1884 4574 2135 4640 ailrasone
2160 4592 2267 4655 (for
2290 4610 2323 4643 a
2350 4596 2615 4657 dracone),
2638 4596 2699 4647 G.

717 4672 740 4704 2
773 4673 984 4734 negotiu,
1007 4672 1072 4723 G.
1824 4669 1845 4700 ⁵
1880 4676 2069 4729 nostru,
2094 4669 2156 4721 G.

721 4750 742 4779 ³
775 4767 861 4799 vos
876 4756 900 4797 ἰ
