3634 5800
1566 897 1934 952 oomm'rs.
2659 890 2788 958 xiii

664 1133 789 1192 752.
826 1131 1117 1205 Magister
1155 1130 1349 1188 David
1386 1130 1463 1187 ad
1500 1123 1764 1188 Odonem
1794 1132 2052 1205 priorem
2091 1133 2593 1195 Gantuariensem.
2663 1074 2784 1130 pm

879 1218 1021 1288 (Seu
1055 1216 1253 1288 potius
1291 1220 1361 1271 ut
1382 1215 1617 1272 videtur
1652 1216 1727 1271 ad
1767 1216 2103 1274 Gilbertum
2129 1219 2596 1280 Londoniensem

874 1302 1233 1375 episcopum.
1240 1301 1376 1367 )-—⁶⁶
1404 1299 1631 1356 Timide
1667 1300 2008 1358 scribitur''
2087 1335 2112 1351 ·
2327 1336 2352 1352 ·
2457 1341 2463 1347 ·
2567 1339 2590 1354 -
2660 1308 2766 1365 479

658 1401 785 1458 753.
820 1397 1158 1455 Alexander
1197 1411 1349 1469 papa
1386 1394 1461 1450 ad
1508 1396 1936 1453 Biturioensem
1978 1399 2488 1473 archiepiscopum
2531 1408 2593 1458 et

870 1481 1305 1539 Nivernensem
1328 1479 1685 1551 episcopum.
1688 1483 1779 1525 -⁶
1787 1479 2203 1539 ‘Fraternitati
2225 1485 2489 1541 vestrae”
2560 1515 2586 1530 ·
2655 1487 2759 1544 481

655 1583 780 1640 754.
816 1578 1155 1636 Alexander
1198 1594 1351 1650 papa
1398 1576 1474 1633 ad
1520 1577 1852 1635 Hem-icum
1897 1579 2237 1653 Anglorum
2286 1599 2516 1655 regem.
2517 1615 2592 1628 -

875 1661 1272 1732 “Antequam
1293 1659 1590 1716 secundi”
2084 1695 2106 1710 .
2561 1697 2588 1712 -
2655 1667 2765 1724 432

652 1763 776 1821 755.
812 1757 1146 1818 Alexander
1191 1773 1345 1828 papa
1390 1754 1467 1810 ad
1516 1755 1556 1811 J
1558 1772 1783 1813 oscmm
1847 1757 2253 1817 Turonensem
2300 1761 2589 1834 archiepi-

868 1858 1125 1914 scopum.
1126 1842 1219 1885 -‘
1227 1838 1335 1894 ‘In
1359 1838 1754 1910 apostolioae”
1848 1871 1871 1887 ·
2085 1873 2110 1890 ·
2321 1873 2350 1892 ·
2560 1874 2589 1890 ·
2657 1845 2765 1903 483

649 1941 777 2000 756.
812 1939 1159 2011 Anonymus
1182 1934 1257 1991 ad
1282 1933 1619 1991 Gssbertum
1643 1934 2112 1993 Londcniensem
2149 1938 2509 2012 episcopum.
2511 1971 2587 1988 ...-

871 2020 1180 2080 “Venturi
1204 2017 1398 2074 sunt''
1844 2049 1870 2064 .
2557 2055 2582 2070 .
2651 2024 2760 2082 435

649 2119 774 2177 757.
810 2117 1155 2188 Anonymus
1190 2114 1267 2171 ad
1298 2049 1701 2170 Alexandrum
1726 2131 1961 2186 papam.
1959 2119 2049 2160 -—⁶
2052 2116 2285 2174 ‘Nemo
2305 2117 2552 2189 potest”
2647 2120 2756 2178 486

542 2217 551 2228 ”
647 2214 773 2272 758.
810 2212 984 2269 Prior
1019 2210 1251 2268 Sanctae
1286 2208 1595 2264 Trinitatis
1630 2209 2056 2267 Londoniensis
2081 2212 2156 2268 ad
2180 2211 2581 2270 Alexandrum

858 2311 1090 2368 papam.
1092 2294 1183 2336 —⁶
1189 2291 1379 2348 ‘Cum
1402 2290 1561 2363 apud
1584 2295 1930 2348 summum”
2077 2326 2099 2341 ·
2550 2326 2577 2343 .
2647 2298 2756 2357 490

645 2392 771 2450 759.
808 2388 1093 2446 Arnulfus
1116 2385 1493 2442 Lexoviensis
1518 2386 1824 2458 episcopus
1837 2387 2321 2445 adAlexandrum
2345 2407 2579 2462 papam

859 2474 953 2514 -—⁶
960 2469 1267 2542 ‘Pepercit
1290 2467 1382 2524 ci’
1616 2499 1642 2512 -
2651 2474 2758 2532 492

642 2571 770 2630 760.
803 2567 1092 2626 Arnulfus
1118 2563 1493 2621 Loxoviensis
1535 2565 1844 2637 episcopus
1885 2565 1960 2621 ad
2004 2565 2046 2622 J
2046 2583 2299 2624 oannem
2343 2574 2406 2624 et
2427 2567 2596 2625 Wil

858 2653 1105 2709 lelmnm
1126 2647 1584 2706 cardinales.-⁶⁶
1602 2647 1733 2717 Qua
1754 2647 1925 2704 flde”
2071 2681 2094 2694 -
2307 2679 2334 2698 .
2548 2681 2574 2696 .
2641 2653 2750 2710 494

642 2751 768 2810 761.
806 2748 1110 2806 Gilbertus
1153 2743 1583 2801 Londoniensis
1626 2745 1935 2817 episcopus
1957 2745 2034 2801 ad
2058 2746 2123 2802 P.
2151 2745 2581 2804 Nivernensem

642 2826 2092 2984 762.αξ1ἵοῗιοῖἒωῶᾱξὶιέιῗειῗὲοὲἕωωρω
2042 2912 2118 2968 ad
2175 2861 2578 3041 ..ηψπ
2641 2831 2751 2890 ⁴⁹⁶

856 3013 1085 3072 papam.
1086 2998 1179 3041 -⁶
1187 2993 1317 3050 ‘Ad
1339 2999 1618 3059 veram,
1647 2994 1870 3066 pater”
2073 3025 2095 3040 ·
2549 3026 2575 3043 .
2646 2997 2758 3055 497

640 3095 767 3154 763.
802 3092 1137 3151 Alexander
1206 3106 1361 3162 papa
1455 3086 1916 3199 Rothomagensi
2001 3090 2436 3163 archiepiscopo
2517 3097 2581 3149 et

854 3173 1239 3233 Ambianensi
1263 3172 1550 3245 episcopa
1552 3174 1645 3213 -—⁶
1652 3171 1803 3225 “Et
1787 3188 1917 3242 ipsa
1938 3171 2108 3227 loci”
2313 3204 2336 3219 -
2646 3176 2756 3235 498

640 3262 766 3319 764.
801 3257 1137 3316 Alexander
1216 3273 1367 3328 papa
1462 3253 1928 3325 Rothomagensi
1999 3256 2439 3329 archiepiscopo
2511 3263 2573 3315 et

852 3339 1237 3400 Ambianensi
1260 3340 1546 3411 episcopo.
1548 3337 1640 3380 —‘
1648 3336 1834 3407 ‘Quia
1855 3355 1972 3393 non
1995 3340 2355 3411 nunquam”
2548 3371 2569 3387 -
2643 3342 2749 3401 501

637 3428 763 3485 765.
802 3424 1093 3497 Roget-ius
1116 3422 1505 3479 Eboracensis
1528 3420 2004 3494 archiepiscopus
2025 3422 2364 3480 Alexandro
2385 3441 2573 3497 papae.

852 3512 943 3553 -⁶
951 3508 1056 3565 ‘si
1078 3506 1227 3563 mihi
1249 3506 1521 3577 praesto”
1596 3536 1618 3549 ·
1836 3536 1857 3550 ·
2645 3509 2750 3567 502

637 3594 768 3651 766.
802 3590 1094 3663 Roget-ius
1142 3587 1521 3645 Ebot-scennis
1583 3588 2056 3660 archiepiscopus
2113 3588 2191 3643 ad
2251 3588 2572 3661 Hugonem

851 3672 1305 3729 Dunelmensem
1344 3670 1683 3743 episcopum
1707 3674 1769 3725 et
1793 3670 1942 3726 alios
1978 3670 2238 3729 ecclesiae
2278 3672 2573 3743 praelatos.

845 3758 936 3801 —-⁶
942 3756 1117 3813 ‘Non
1142 3752 1435 3826 ignorat''
1592 3782 1617 3796 ·
2642 3758 2750 3815 504

635 3811 761 3899 767.
798 3839 1129 3897 Alexander
1153 3855 1303 3911 papa
1326 3836 1401 3893 ad
1425 3835 1959 3908 Rothomagensem
1982 3836 2488 3909 archiepiscopum
2510 3844 2572 3896 et

848 3921 1308 3979 Ambianensem
1329 3921 1687 3993 episcopum.
1688 3924 1779 3964 —⁶
1783 3919 2210 3975 ‘Fraternifiati
2235 3922 2509 3976 vesti-aff
2547 3953 2568 3968 ·
2641 3923 2748 3979 506

636 4005 761 4065 768.
800 4004 1134 4063 Alexander
1176 4021 1331 4077 papa
1377 4002 1454 4058 ad
1500 4004 1541 4059 J
1541 4002 1836 4059 ocehnum
1887 4003 2400 4059 saresberiensem
2447 4004 2569 4076 cpi·

849 4105 1107 4161 scopum.
1110 4089 1202 4133 --⁶
1208 4086 1453 4143 ‘Licet
1434 4105 1498 4141 m
1521 4084 1883 4159 proposito”
2067 4117 2090 4132 -
2542 4119 2570 4135 -
2641 4090 2746 4148 509

634 4186 759 4245 769.
794 4186 1061 4265 Epistola
1094 4184 1375 4243 Hei-berti
1411 4186 1732 4253 exsulantis
1756 4189 1888 4257 post
1913 4184 2116 4250 Sancti
2153 4185 2394 4243 Thomas
2415 4204 2569 4243 mar-

844 4270 1071 4341 tyrimn
1094 4269 1172 4326 ad
1192 4268 1341 4325 duos
1373 4268 1699 4325 cardinales
1722 4269 2038 4325 Albertum
2063 4274 2126 4325 et
2149 4268 2571 4327 Theodwinum

848 4353 926 4410 ad
970 4350 1289 4409 curandam
1335 4356 1519 4408 tautae
1566 4350 1828 4408 ecclesias
1875 4350 2113 4423 plagam
2164 4352 2399 4429 missos,
2451 4370 2572 4425 qno

846 4434 1111 4507 tempore
1142 4453 1247 4492 rex
1270 4434 1603 4507 Anglorum
1645 4434 1711 4489 in
1752 4434 2104 4489 Hiberniam
2143 4435 2442 4506 profectus
2479 4442 2572 4493 est

846 4536 911 4577 se
935 4520 1025 4589 (ut
1046 4517 1367 4585 dicebatur)
1392 4518 1841 4574 absentans.-⁶⁶
1861 4516 1937 4572 Id
1960 4517 2025 4572 in
2049 4517 2256 4589 primis
2277 4518 2315 4544 ’³
2545 4552 2570 4566 -
2641 4522 2748 4581 510

630 4616 757 4675 wo.
794 4615 885 4673 Ex
924 4615 1175 4687 epistola
1216 4613 1495 4671 Hei-berti
1532 4614 1605 4669 de
1643 4614 1900 4669 Bosham
1936 4612 2012 4668 ad
2048 4613 2089 4668 J
2091 4630 2339 4671 oannem
2373 4615 2570 4672 Picta·

842 4698 1108 4757 viensem
1132 4698 1603 4772 episcopum—⁶⁶
1624 4696 1844 4754 Omnes
1865 4696 2138 4755 novimus
2153 4696 2188 4724 ’⁶
2305 4729 2328 4744 ·
2542 4730 2570 4745 ·
2639 4700 2745 4759 513

630 4796 757 4855 771.
790 4795 882 4854 De
904 4787 1377 4852 reconciliatione
1402 4784 1674 4866 regii—⁶
1681 4796 1697 4823 ⁶
1714 4793 1935 4861 Primo,
1960 4792 2233 4851 dominus
2257 4811 2361 4851 rex
2377 4792 2414 4821 ”
2545 4824 2571 4840 -
2642 4796 2747 4855 513

812 4894 846 4931 o
915 4882 1097 4931 12478.
2425 4878 2473 4945 b
