3634 5800
616 897 745 947 ΑΛ).
786 879 1009 965 1170]
1492 896 1847 945 EPISTOLAE.
2598 885 2726 948 235

619 1083 735 1148 sed
810 1082 1156 1148 mendacia
1231 1081 1408 1146 illico
1500 1081 1764 1146 detecta
1839 1085 2014 1158 sunt,
2106 1083 2727 1167 supervenientibus

614 1184 857 1248 litteris
933 1183 1183 1249 domini
1274 1204 1463 1269 papae
1540 1183 1743 1250 etiam
1819 1189 2176 1268 antequam
2254 1184 2727 1250 Londoniensis

616 1285 957 1371 episcopus
1024 1285 1109 1350 ad
1174 1285 1429 1350 curiam
1496 1283 1627 1350 iter
1696 1285 2054 1370 arriperet3
2120 1285 2237 1371 qui
2298 1287 2727 1371 proculdubio

615 1384 826 1452 labori
871 1387 1265 1474 pepercisset
1312 1390 1380 1452 et
1424 1387 1820 1473 sumptibus,
1865 1387 1922 1451 si
1969 1390 2078 1472 (ut
2124 1388 2392 1472 quidam
2457 1390 2724 1454 mentiti

617 1491 803 1572 sunt)
870 1491 1011 1555 sine
1074 1493 1267 1555 tanta
1328 1487 1719 1554 difficultate
1764 1488 2022 1554 absolvi
2092 1489 2429 1575 potuisset.
2522 1491 2726 1555 Fama

615 1590 889 1658 celebris
920 1597 1023 1657 est
1053 1591 1229 1677 quod
1262 1595 1660 1656 memoratus
1694 1590 2193 1657 Cantuariensis
2228 1591 2725 1658 archidiaconus

616 1693 757 1779 regi
824 1693 1152 1779 persuasit
1219 1691 1292 1755 in
1360 1691 1675 1778 Angliam
1740 1691 2186 1770 transfretare,
2233 1697 2313 1758 ut
2391 1694 2726 1780 episcopos

614 1800 924 1881 torqueat
992 1801 1061 1861 et
1142 1794 1392 1861 clerum
1458 1795 1576 1880 qui
1644 1800 1878 1860 contra
1944 1795 2282 1861 dominum
2350 1819 2588 1883 papam
2656 1804 2726 1863 et

614 1901 891 1962 matrem
955 1917 1144 1962 suam
1208 1896 1753 1962 Cantuariensem
1821 1896 2160 1963 ecclesiam
2197 1898 2428 1983 jurare
2498 1900 2725 1964 nolue-

612 1995 789 2062 rint.¹
885 1998 1199 2082 Undique
1267 2003 1483 2062 metus
1552 2003 1620 2062 et
1686 1999 2016 2085 angustiae
2084 1999 2380 2084 undique
2465 1999 2724 2087 longae?

612 2101 1002 2166 necessitate
1023 2099 1050 2139 ³
1079 2099 1504 2166 vitandorum
1538 2099 1829 2181 inflicta;
1875 2101 2111 2166 melius
2156 2107 2260 2166 est
2289 2101 2465 2166 enim
2490 2101 2516 2140 4
2561 2103 2722 2168 inci-

617 2203 771 2269 dere
846 2203 919 2267 in
982 2223 1218 2268 manus
1290 2202 1637 2268 hominum
1706 2225 1906 2289 quam
1976 2203 2433 2290 derelinquere
2511 2204 2722 2291 legem

615 2303 763 2370 Dei.
852 2304 1161 2390 Alterum
1208 2303 1385 2369 enim
1432 2325 1689 2390 semper
1732 2304 2102 2391 gehennam
2149 2305 2411 2391 ingerit,
2441 2305 2724 2371 alterum

612 2407 726 2472 via
770 2412 873 2471 est
916 2407 1005 2472 ad
1048 2427 1351 2472 coronam
1422 2411 1492 2470 et
1558 2411 1912 2493 perpetuat
1973 2407 2269 2493 gloriam.
2363 2407 2538 2473 Nam
2609 2411 2726 2494 qui

612 2509 1129 2595 persecutionem
1173 2509 1545 2595 patiuntur,
1591 2513 1863 2595 propter
1897 2509 2238 2595 justitiam
2283 2510 2464 2574 beati
2525 2517 2724 2591 sunt3

614 2611 927 2696 quoniam
973 2632 1137 2697 quos
1198 2631 1427 2697 pugna
1472 2615 1735 2697 purgat,
1797 2611 2041 2697 probat
2085 2616 2155 2676 et
2199 2611 2507 2690 illustrat,
2570 2614 2722 2678 finis

611 2735 851 2801 pugnae
927 2713 1069 2778 sine
1144 2712 1277 2778 fine
1341 2717 1626 2778 coronat.
1722 2712 2055 2778 Sathanas
2101 2719 2358 2778 autem
2436 2715 2720 2801 amphus

612 2816 821 2893 saevit,
870 2837 1020 2882 cum
1065 2814 1538 2880 exterminium
1583 2836 1779 2878 suum
1827 2814 2016 2879 videt
2061 2815 2443 2895 accelerari3
2493 2822 2562 2881 et
2604 2816 2723 2882 illa

614 2939 765 3004 pars
808 2918 1067 3004 hyemis
1114 2917 1347 2983 tetrior
1392 2922 1493 2983 est
1544 2938 1693 3003 quae
1732 2918 1908 2982 veris
1954 2918 2364 2983 imminentis
2409 2921 2722 3004 praecedit

612 3020 1083 3085 amoenitatem.
1197 3018 1530 3085 Historias
1624 3019 1886 3107 replica,
2001 3024 2437 3106 tyrannorum
2534 3028 2723 3109 gesta

614 3123 897 3200 revolve,
944 3128 1011 3187 et
1055 3122 1251 3210 plane
1296 3122 1579 3209 reperies
1624 3123 1698 3186 in
1741 3122 2063 3207 pressuris
2107 3144 2363 3210 semper
2391 3123 2415 3161 ⁵
2485 3124 2721 3190 dilata-

614 3230 752 3291 tam
798 3248 935 3291 esse
980 3224 1361 3304 ecclesiam3
1406 3228 1475 3289 et
1520 3224 1698 3311 quod
1729 3226 2115 3311 persecutiO,
2161 3232 2411 3313 quanto
2443 3228 2725 3294 atrocior

620 3334 780 3406 erat,
850 3333 1046 3395 tanto
1109 3327 1309 3396 citius
1384 3326 1784 3394 sedabatur.⁶
1876 3329 2046 3416 Regi
2069 3327 2094 3369 ⁷
2157 3333 2380 3395 autem
2457 3337 2596 3397 tam
2641 3332 2726 3397 ab
2749 3354 2837 3405 A„
2861 3355 3020 3406 inter-

613 3430 843 3497 amicis
889 3452 1087 3517 quam
1134 3429 1220 3497 ab
1264 3429 1413 3495 aliis
1460 3429 1717 3495 nuntiis
1763 3430 1881 3516 qui
1925 3430 2388 3517 praemiserunt
2433 3433 2614 3512 istos,
2645 3440 2724 3499 ut
2749 3421 3058 3539 gjl‘gtiffim‘·

615 3534 1140 3619 praemuniretur,
1185 3531 1649 3597 indubitanter
1694 3532 2146 3618 significatum
2192 3538 2311 3611 est,
2368 3535 2562 3620 quod,
2593 3536 2724 3601 nisi
2880 3525 2892 3538 ⁰

616 3635 813 3701 citius
889 3657 1040 3702 cum
1120 3634 1395 3700 ecclesia
1467 3634 1697 3699 fecerit
1786 3653 2032 3719 pacem,
2113 3636 2472 3701 secundum
2550 3638 2724 3723 quod

614 3738 703 3802 ad
747 3738 1141 3824 petitionem
1186 3757 1373 3802 suam
1420 3735 1727 3801 dominus
1789 3756 1966 3822 papa
2011 3737 2424 3825 praescripsit,
2471 3745 2542 3804 et
2601 3737 2727 3805 hoc

614 3838 795 3904 infra
858 3838 1180 3904 kalendas
1247 3837 1431 3915 Maii,
1508 3858 1589 3903 ex
1660 3844 1826 3903 tunc
1891 3837 2076 3903 nulla
2142 3839 2398 3905 ratione
2474 3840 2725 3906 differri

616 3941 861 4029 poterit
906 3941 1071 4027 quin
1115 3941 1189 4004 in
1256 3961 1604 4027 personam
1670 3940 1813 4026 ejus
1877 3945 1946 4005 et
1991 3945 2238 4007 terram
2303 3942 2720 4009 cismarinam

614 4049 685 4109 et
730 4044 1246 4109 transmarinam
1296 4042 1737 4109 ecclesiastica
1781 4042 2100 4107 severitas
2147 4051 2542 4110 exerceatur.
2635 4046 2724 4110 Et

617 4147 739 4213 hoc
784 4148 1052 4233 quidem
1098 4147 1390 4213 arbitror
1461 4146 1621 4211 huic
1690 4145 2183 4211 exacerbationi
2254 4147 2478 4232 (quam
2543 4146 2724 4213 Deus

2166 4304 2362 4311 ᾡ--ῲ

687 4407 701 4440 ¹
738 4405 1005 4466 noluerint,
1042 4406 1107 4464 O,
1142 4406 1199 4465 Z,
1226 4406 1307 4465 (ἲς
1342 4402 1623 4463 noluerunt,
1780 4402 1803 4436 ³
1837 4402 1943 4452 For
1992 4404 2288 4453 necessitate
2322 4436 2334 4454 .
2374 4443 2385 4454 .
2421 4441 2434 4457 .
2469 4422 2631 4470 quam,
2677 4409 2722 4459 L

614 4500 676 4551 L,
1712 4482 1807 4531 has
1833 4482 1956 4547 only
1979 4484 2032 4531 in
2057 4498 2220 4547 quam.

1558 4614 1568 4624 ⁶
1777 4560 1799 4591 ⁴
1835 4561 1974 4619 enim,
2001 4560 2079 4623 03
2111 4576 2210 4611 om·
2239 4559 2306 4613 G·

684 4618 705 4651 2
741 4616 882 4682 107290
919 4622 1005 4681 (or
1038 4614 1196 4680 lonyoe
1232 4622 1295 4665 tr.
1324 4622 1377 4665 to
1395 4613 1525 4664 after
1549 4630 1624 4663 m-
1777 4640 1798 4671 ε
1832 4655 2040 4705 semper,
2065 4656 2166 4690 om,
2195 4638 2258 4690 L.

600 4709 779 4773 flictu,
822 4709 987 4759 where
1022 4706 1063 4758 it
1095 4706 1277 4773 begins
1314 4722 1345 4755 a
1377 4720 1487 4757 new
1512 4719 1623 4755 sen·
1781 4717 1801 4749 ⁶
1835 4716 2124 4779 sedebatur,
2149 4721 2217 4769 v,

614 4802 807 4861 tence),
831 4799 894 4850 G.
1782 4795 1801 4833 ἲ
1841 4796 2044 4860 Regem,
2069 4798 2133 4848 G.
