3634 5800
618 4666 873 4719 Proceed-

616 4734 733 4798 inge
756 4736 845 4785 be-

617 4806 779 4850 tween
805 4801 893 4851 the

959 857 1090 918 522
1849 873 2216 923 ams’rom.
2690 858 2847 943 [an.
2882 859 3080 924 1172.

958 1055 1358 1122 introductae
1434 1056 1765 1122 videntur.
1920 1057 2419 1145 Appellationes
2493 1056 3078 1125 ecclesiasticarum

956 1179 1302 1224 causarum
1354 1158 1443 1224 ad
1516 1159 1861 1225 dominum
1935 1181 2176 1246 papam
2247 1159 2454 1225 libere
2529 1161 2706 1226 sinet
2779 1160 2936 1238 fleri,
2999 1165 3082 1225 et

954 1261 1231 1326 tractari
1278 1283 1395 1347 per
1441 1283 1591 1327 eum
1638 1283 1868 1328 causas
1915 1268 1984 1328 et
2027 1284 2147 1328 suo
2205 1262 2340 1328 fine
2399 1263 2718 1328 concludi.
2809 1261 2879 1327 Si
2926 1263 3080 1347 quis

957 1367 1181 1426 tamen
1243 1364 1307 1428 ei
1365 1367 1708 1450 suspectus
1760 1364 1986 1441 fuerit,
2031 1365 2456 1430 securitatem
2517 1351 2579 1430 ei
2639 1364 2840 1430 faciet
2897 1365 3076 1450 quod

904 1484 919 1493 ·
955 1465 1275 1529 damnum
1322 1466 1465 1552 ejus
1526 1471 1597 1532 et
1654 1467 1845 1552 regni
1907 1468 2012 1531 sui
2071 1487 2208 1531 non
2271 1472 2540 1552 quaerat.
2632 1467 3075 1532 Possessiones

956 1565 1455 1634 Cantuariensis
1516 1569 1822 1647 ecclesiae,
1885 1570 1942 1634 si
2007 1591 2158 1655 quae
2223 1569 2363 1633 sint
2427 1570 2684 1647 ablatae‚
2749 1569 3074 1645 restituet,

954 1669 1127 1735 sicut
1196 1669 1431 1736 habuit
1507 1671 1723 1757 primo
1796 1693 1975 1736 anno
2051 1673 2316 1757 quando
2390 1671 2914 1757 archiepiscopus
2991 1671 3072 1736 de

954 1775 1133 1837 terra
1178 1773 1409 1839 exiret.
1502 1773 1586 1837 Id
1630 1774 1850 1859 ipsum
1897 1773 2099 1839 faciet
2131 1779 2201 1838 et
2229 1774 2311 1838 de
2342 1773 2640 1870 personis
2684 1793 2833 1859 quae
2878 1793 3074 1838 eausa

954 1874 1167 1960 ipsius
1213 1874 1427 1940 exisse
1474 1875 1831 1954 videntur;
1907 1877 2148 1960 quibus
2193 1877 2398 1941 etiam
2440 1873 2728 1962 gratiam
2773 1897 2958 1942 suam
3003 1881 3072 1940 et

954 1975 1199 2042 bonam
1260 1976 1556 2042 reddidit
1599 1978 2040 2060 voluntatem,
2087 1984 2156 2044 et
2216 1978 2342 2044 hoc
2399 1979 2670 2064 quidem
2729 1979 2854 2042 sub
2887 1979 3070 2064 jura-

953 2085 1195 2144 mento,
1302 2080 1621 2145 Promisit
1686 2086 1914 2145 autem
1979 2087 2050 2145 et
2110 2080 2242 2145 alia
2317 2079 2398 2146 de
2461 2081 2672 2146 libera
2729 2081 3070 2146 voluntate

953 2181 1260 2267 gerenda,
1308 2203 1460 2265 quae
1536 2203 1672 2247 non
1749 2187 2013 2270 oportet
2087 2183 2432 2268 scripturae
2508 2183 2676 2248 serie
2743 2184 3068 2248 denotare-

956 2283 1120 2348 Haec
1158 2288 1385 2348 autem
1431 2285 1828 2371 scripsimus,
1875 2289 1956 2349 ut
2015 2285 2386 2371 agnoscatis
2445 2305 2598 2349 eum
2659 2284 3072 2350 obedientem

953 2384 1243 2450 ecclesiae
1289 2389 1492 2469 atque
1554 2385 1642 2449 ad
1706 2385 2015 2450 divinum
2083 2385 2472 2470 obsequium
2531 2385 2744 2451 multo
2789 2384 3070 2471 amplius

954 2508 1153 2572 quam
1197 2485 1417 2552 adhuc
1460 2485 1665 2552 fuerit
1724 2488 2115 2554 animatum.
2209 2487 2554 2553 Nov‘eritis
2597 2487 2818 2553 adhuc
2859 2488 3070 2552 filium

954 2590 1098 2676 ejus
1150 2589 1248 2670 de,
1296 2588 1632 2674 praedictis
1692 2589 2284 2654 consuetudinibus
2347 2589 2765 2655 dimittendis
2829 2591 3074 2676 pariter

953 2713 1104 2756 cum
1170 2712 1248 2756 eo
1302 2689 1580 2775 jurasse.
1694 2689 1870 2756 Sane
1932 2690 2112 2776 quod
2169 2692 2268 2757 ibi
2331 2692 2583 2758 factum
2648 2697 2766 2769 est,
2833 2693 3072 2758 iterato

953 2792 1189 2869 adhuc,
1252 2813 1338 2857 ne
1414 2791 1858 2857 dubitationis
1925 2792 2106 2857 locus
2179 2793 2381 2858 alicui
2443 2799 2824 2872 remaneret,
2893 2794 3070 2880 apud

956 2895 1345 2973 Oadomum,
1413 2895 1488 2959 in
1564 2894 1798 2981 majori
1875 2893 2252 2981 frequentia
2306 2916 2752 2981 personarum,
2809 2896 3070 2983 publice

956 2997 1199 3063 statuit
1242 3018 1313 3061 se
1358 3001 1683 3062 acturum.
1790 2995 2156 3061 Relaxavit
2213 3001 2537 3082 praeterea
2595 2999 2928 3084 episcopos
2987 2999 3069 3063 de

954 3097 1383 3185 promissione
1431 3118 1631 3183 quam
1701 3097 1765 3161 ei
1827 3095 2119 3163 fecerant
2185 3099 2268 3162 de
2332 3099 2935 3177 consuetudinibus»,
3001 3106 3072 3167 et

955 3200 1260 3287 promisit
1304 3199 1479 3286 quod
1524 3220 1663 3265 non
1708 3199 1938 3285 exiget
1980 3200 2055 3263 in
2099 3198 2422 3266 futurum.

1794 3596 2246 3665 DGOLXXV.

953 3754 1326 3819 ALBERTUS
1364 3768 1451 3817 m·
1494 3752 1976 3817 Trmonwmus
2006 3766 2441 3816 omnnium
2471 3767 2566 3815 An
2612 3751 3073 3817 Gnaeum-tm

1402 3856 1941 3919 RAVENNENSEM
1983 3832 2608 3920 Ancsmmscoruu.

1458 4009 1611 4070 (Rec.
1638 4009 1727 4058 des
1750 4006 1885 4057 Hist.
1908 4006 2014 4057 xvi.
2040 4012 2138 4057 486
2159 4028 2173 4066 3
2211 4008 2277 4057 G.
2301 4008 2413 4057 Fol.
2436 4008 2580 4069 888.)

1046 4136 1427 4203 Venerabili
1472 4137 1544 4200 in
1592 4135 1860 4202 Christo
1909 4141 1978 4200 et
2021 4135 2262 4201 dilecto
2307 4135 2500 4200 fratri
2545 4134 2894 4213 Gileberto,
2939 4134 3072 4201 Dei

954 4240 1173 4326 gratia
1230 4238 1655 4304 Ravennensi
1732 4237 2234 4323 archiepiscopo,
2295 4236 2614 4303 Albertus
2686 4238 3072 4324 dignatione

956 4342 1190 4406 divina
1248 4336 1433 4405 tituli
1503 4340 1567 4406 S.
1618 4338 1965 4404 Laurentii
2029 4339 2104 4403 in
2171 4338 2446 4419 Lucina,
2491 4345 2560 4404 et
2627 4339 3072 4406 Theodwinus

954 4442 1143 4508 tituli
1188 4441 1253 4508 S.
1301 4441 1561 4518 vitalis,
1606 4440 1982 4526 presbyteri
2043 4440 2429 4517 cardinales,
2475 4441 2854 4527 apostolicae
2895 4442 3072 4508 sedis

954 4546 1178 4632 legati,
1222 4546 1397 4631 quod
1440 4545 1745 4630 promisit
1788 4544 1970 4609 Deus
2015 4544 2448 4631 diligentibus
2493 4567 2578 4611 se.

1048 4648 1375 4728 Quoniam
1424 4646 1793 4711 desiderare
1857 4668 1976 4713 vos
2020 4647 2366 4725 credimus,
2411 4652 2494 4711 ut
2553 4648 2636 4713 de
2694 4652 2878 4713 statu
2920 4670 3070 4713 nos-

956 4756 1079 4826 tro,
1125 4754 1244 4815 etc.
1293 4748 1553 4834 [eadem
1598 4770 1746 4835 quoe
1790 4748 1876 4814 in
1920 4748 2202 4835 epistola
2247 4748 2597 4837 superiori
2643 4770 2856 4835 usqae
2899 4750 2992 4817 ad
3016 4752 3065 4836 .·]
