3634 5800
735 808 874 864 ΑΛ).
910 798 1130 884 1169]
1614 813 1972 865 nmsroLAE.
2511 808 2518 815 ·
2722 802 2844 865 151

830 1002 950 1067 IX.
1017 1002 1263 1069 Omnes
1330 1024 1490 1069 vero
1552 1002 1970 1068 vicecomites
2035 1003 2244 1069 totius
2291 1003 2555 1092 Angliae
2599 1006 2850 1072 faciant

739 1127 963 1172 omnes
1022 1106 1287 1186 milites,
1356 1112 1425 1173 et
1485 1104 1689 1171 libere
1750 1110 2071 1184 tenentes,
2135 1113 2205 1172 et
2247 1126 2472 1173 omnes
2537 1109 2684 1175 illos
2733 1110 2850 1195 qui

738 1210 1113 1295 quindecim
1159 1230 1367 1275 annos
1412 1207 1677 1285 habent,
1710 1207 1793 1273 de
1841 1208 2268 1275 comitatibus
2313 1210 2466 1289 suis,
2505 1210 2732 1296 jurare
2776 1212 2849 1277 in

736 1311 934 1399 pleno
978 1312 1299 1377 comitatu
1344 1317 1414 1377 et
1457 1332 1577 1397 per
1622 1329 1849 1374 omnes
1893 1310 2200 1377 civitates
2245 1317 2316 1377 et
2359 1312 2621 1398 burgos,
2673 1313 2848 1400 quod

738 1414 879 1480 haec
924 1414 1241 1480 mandata
1286 1435 1485 1501 super
1546 1411 1763 1477 vitam
1825 1417 1899 1477 et
1958 1411 2254 1479 membra
2299 1435 2420 1479 sua
2467 1415 2847 1495 servabunt,

739 1520 827 1597 et,
858 1515 1073 1581 missis
1118 1516 1563 1583 servientibus
1608 1512 1747 1577 suis
1811 1534 1928 1599 per
1973 1535 2200 1581 omnes
2247 1516 2515 1583 villatas
2563 1518 2847 1603 Angliae‚

736 1619 987 1685 faciant
1020 1619 1247 1704 jurare
1280 1640 1505 1685 omnes
1542 1617 1689 1681 illos
1722 1616 1839 1699 qui
1884 1616 1970 1682 ad
2001 1620 2356 1685 comitatus
2387 1642 2522 1687 non
2552 1619 2847 1699 fuerunt,

738 1721 917 1808 quod
960 1720 1101 1789 haec
1146 1722 1461 1789 mandata
1505 1744 1655 1790 cum
1700 1721 1953 1793 caeteris
1997 1720 2338 1787 tenebunt.

1682 2134 1860 2203 DCI.

856 2293 1131 2359 Tuom
1178 2290 1715 2361 CANTUARIENSI
1778 2304 2329 2357 Ancmmuscoro
2393 2305 2740 2357 mms‘mn

1612 2392 1982 2461 Vivunus

1016 2546 1113 2611 (A.
1138 2550 1229 2598 831
1255 2567 1269 2607 3
1308 2545 1371 2597 Ο.
1394 2545 1445 2598 ii.
1468 2550 1567 2599 288
1588 2570 1601 2609 ς
1635 2547 1692 2598 Ζ.
1715 2545 1783 2597 iii.
1808 2550 1840 2597 9
1863 2566 1876 2607 ς
1911 2544 2045 2611 Lup.
2067 2543 2139 2596 iii.
2163 2550 2226 2607 93
2261 2546 2442 2596 Thom.
2465 2549 2614 2609 ³59.)

836 2678 1223 2745 Reverendo
1242 2677 1265 2716 ¹
1312 2676 1491 2765 patri
1551 2697 1671 2741 suo
1738 2681 1809 2742 et
1855 2676 2122 2742 domino
2166 2674 2520 2754 carissimo,
2565 2676 2852 2755 Thomoe,

746 2782 875 2851 Dei
943 2780 1163 2868 gratia
1226 2778 1692 2846 Cantuariensi
1769 2778 2262 2865 archiepiscopo
2329 2784 2398 2844 et
2471 2780 2852 2867 apostolicae

748 2885 923 2955 sedis
1019 2886 1255 2973 legate,
1331 2883 1678 2963 Vivimus,
1767 2889 2106 2970 utcunque
2203 2884 2423 2950 dictus
2515 2884 2847 2972 magister,

748 2993 995 3056 sanctae
1052 2988 1363 3054 Romanae
1406 2987 1695 3056 ecclesiae
1755 2987 2117 3053 advocatus
2166 2992 2236 3052 et
2278 2987 2422 3072 ejus
2467 2986 2735 3053 honoris
2781 2991 2852 3052 et

749 3112 1016 3159 suorum
1079 3089 1455 3177 prolocutor
1528 3087 1966 3169 fidelissimus,
2031 3109 2182 3154 cum
2244 3089 2488 3176 gaudio
2532 3094 2602 3155 et
2645 3088 2854 3178 gloria

750 3191 1193 3260 incontinenti
1242 3191 1451 3256 redire
1497 3191 1583 3255 ad
1628 3191 1910 3278 propria.

838 3295 1241 3363 Benedictus
1268 3295 1453 3360 Deus
1496 3299 1567 3361 et
1598 3294 1798 3361 Pater
1842 3295 2114 3361 Domini
2145 3296 2356 3362 nostri
2385 3295 2432 3361 J
2434 3319 2550 3363 esu
2581 3296 2851 3377 Christi,
2877 3293 3164 3346 Invitatton

2877 3372 2933 3412 to
2955 3363 3128 3412 attend
3146 3377 3178 3410 a

753 3400 870 3487 qui
920 3398 1287 3485 disjunctos
1332 3397 1619 3483 parietes
1684 3397 2108 3484 suggestione
2168 3418 2524 3484 pravorum
2571 3400 2850 3468 indisso·
2879 3429 3179 3478 confert-nce

753 3501 945 3569 lubili
999 3501 1143 3588 jam
1210 3500 1509 3567 caritatis
1570 3499 1842 3565 vinculo
1910 3501 2120 3578 unire,
2187 3505 2418 3567 contra
2492 3502 2852 3569 multorum
2879 3495 2940 3572 of
2957 3495 3042 3544 ‘h‘
3064 3503 3170 3544 ΝΟ

751 3604 1147 3692 opinionem,
1192 3608 1467 3689 paratus
1512 3605 1631 3669 est.
1708 3601 1819 3667 Ad
1862 3602 2283 3688 praesentiam
2345 3604 2518 3690 regis
2563 3612 2853 3672 revocatl

750 3706 1160 3782 accessimus,
1205 3708 1275 3770 et
1318 3724 1413 3782 ea,
1460 3701 1715 3770 Divina
1759 3710 2152 3791 cooperante
2194 3705 2431 3792 gratia,
2477 3706 2855 3774 invenimus

756 3811 831 3874 in
883 3807 1125 3895 quibus
1169 3807 1383 3873 honor
1426 3805 1553 3872 Dei
1596 3813 1667 3872 et
1712 3807 2000 3874 ecclesiae
2047 3809 2120 3873 in
2163 3809 2350 3874 nullo
2395 3808 2703 3876 violatur.
2780 3810 2854 3876 Si

754 3932 910 3998 ergo
941 3910 1255 3975 nuntium
1278 3907 1866 3976 christianissimi²
1889 3910 2060 3996 regis
2084 3910 2486 3978 Francorum
2505 3917 2576 3978 et
2604 3913 2855 3979 domini

756 4011 1313 4097 Rothomagensis
1350 4010 1495 4096 jam
1542 4010 1898 4097 recepistis,
1930 4011 2104 4077 sicut
2147 4011 2606 4079 indubitanter
2648 4014 2856 4080 credi-

753 4137 921 4192 mus,
943 4112 1309 4200 gaudemus
1336 4136 1353 4191 ;
1395 4113 1497 4178 ita
1538 4114 1716 4178 enim
1735 4113 1870 4180 fuit
1899 4119 2241 4181 statutum.
2337 4115 2428 4180 Et
2457 4116 2512 4181 si
2544 4118 2858 4204 magister

754 4216 801 4282 J
802 4236 1049 4282 oannes
1096 4213 1628 4292 Saresberiensis,
1658 4213 1931 4282 clericus
1974 4220 2195 4282 vester
2241 4217 2615 4283 carissimus
2645 4219 2858 4286 socius

754 4323 996 4395 noster,
1040 4316 1128 4382 ad
1172 4336 1293 4382 vos
1339 4316 1557 4395 rediit,
1588 4315 1759 4383 sicut
1802 4337 2142 4405 speramus
2187 4320 2496 4404 quoniam
2542 4323 2857 4388 nuntium

754 4418 1019 4506 recepit,
1095 4417 1425 4484 laetamur.
1514 4415 1857 4504 Quidquid
1918 4423 2162 4498 tamen,
2235 4422 2589 4488 reverende
2653 4429 2858 4510 pater,

824 4654 843 4688 ¹
879 4652 1174 4714 Reverendo
1198 4689 1209 4703 .
1248 4689 1259 4702 .
1298 4689 1309 4702 .
1339 4650 1663 4718 propria,A,
1683 4650 1762 4710 03
1924 4651 1947 4683 ²
1989 4651 2421 4722 Christianissimi,
2455 4659 2527 4723 A,
2559 4659 2622 4720 O,
2657 4663 2700 4712 Z
2719 4683 2734 4723 3
2771 4663 2859 4715 do-

756 4749 857 4788 om.
880 4732 939 4798 Z,
961 4733 1023 4782 L.
1857 4729 1998 4794 mini,
2021 4731 2082 4782 L.

2833 3608 2848 3623 ,
2877 3561 3045 3626 kings-
