3634 5800
694 873 824 922 Λα).
862 863 895 922 1
918 857 1083 943 170.]
1586 875 1949 924 nus-roms.
2667 859 2796 924 229

687 1059 949 1144 publice
997 1059 1248 1126 docetis
1284 1060 1543 1146 jugiter
1588 1059 2024 1145 occupamini,
2070 1060 2238 1125 adeo
2299 1065 2392 1137 ut,
2445 1060 2799 1125 mundanis

687 1161 1055 1248 disciplinis
1100 1163 1367 1248 penitus
1429 1162 1709 1248 rejectis,
1754 1162 1960 1228 solius
2005 1164 2310 1228 veritatis
2381 1168 2450 1228 ct
2507 1163 2792 1250 justitiae

683 1283 869 1328 sacra
956 1265 1416 1350 profiteamini,
1506 1265 1979 1330 Cantuariensi
2055 1265 2530 1343 archidiacono,
2594 1287 2790 1351 quem

684 1365 945 1450 publice
1022 1368 1663 1433 excommunicatum
1740 1389 1879 1433 esse
1967 1389 2101 1432 non
2177 1368 2536 1453 ambigitis,
2612 1389 2788 1432 com-

684 1468 1019 1534 municare
1083 1469 1614 1556 praesumpsistiS,
1684 1470 1988 1556 exemplo
2051 1470 2431 1556 pernicioso
2494 1473 2564 1534 et
2609 1470 2786 1554 quod

682 1567 857 1634 sicut
930 1577 1221 1638 vestram
1296 1573 1767 1638 conscientiam
1844 1572 2068 1650 laedit,
2140 1573 2236 1637 sic
2309 1593 2444 1636 non
2529 1572 2782 1637 modice

684 1671 992 1760 denigrat
1064 1681 1134 1740 et
1207 1675 1475 1742 famam.
1604 1676 1782 1742 Nam
1860 1698 1982 1742 nec
2073 1676 2145 1740 in
2221 1675 2446 1740 minus
2466 1673 2487 1712 ¹
2565 1675 2782 1760 perito

683 1779 911 1840 tantus
956 1776 1169 1842 facilis
1214 1784 1385 1844 esset
1430 1801 1753 1856 excessuS,
1798 1780 2044 1844 nedum
2107 1779 2180 1842 in
2239 1779 2356 1842 illo
2401 1777 2590 1863 cujus
2648 1799 2784 1844 non

680 1879 873 1943 modo
950 1880 1249 1947 doctrina
1323 1883 1437 1947 sed
1513 1887 1581 1946 et
1656 1881 1801 1946 vita
1879 1881 2075 1947 debet
2151 1903 2289 1945 esse
2365 1880 2782 1945 auditoribus

680 1980 952 2047 virtutis
1019 1985 1375 2070 exemplar.
1490 1984 1623 2050 Sed
1688 1985 1847 2070 quia
1909 1983 2286 2050 credibilius
2351 1989 2454 2048 est
2515 2004 2634 2048 vos
2701 1983 2782 2049 de

680 2081 975 2150 humana
1016 2086 1407 2152 infirmitate
1439 2108 1639 2172 quam
1684 2086 1766 2152 de
1812 2087 2086 2152 malitiae
2130 2085 2579 2171 perversitate,
2627 2084 2784 2152 licet

681 2189 752 2251 et
792 2208 993 2272 grave
1037 2187 1237 2252 nimis
1290 2189 1379 2253 sit
1422 2188 1601 2275 quod
1668 2188 2047 2264 admisistiS,
2095 2209 2410 2274 peccasse,
2458 2186 2538 2251 de
2593 2207 2779 2252 man-

673 2287 831 2353 dato
876 2289 1083 2375 ipsius
1151 2290 1395 2356 litteris
1449 2291 1683 2357 vestris
1746 2291 2112 2376 respondeo
2158 2310 2307 2375 quae
2363 2293 2779 2374 sequuntur;

678 2389 1002 2477 mittoque
1048 2393 1441 2480 rescriptum
1509 2393 1885 2459 litterarum
1930 2415 2094 2478 quas
2139 2392 2227 2457 ad
2290 2391 2782 2458 excusationem

678 2493 785 2558 sui
803 2491 828 2530 2
872 2495 1141 2562 domino
1188 2496 1493 2583 Sagiensi
1556 2495 1952 2572 transmisit,
2002 2494 2118 2581 qui
2183 2499 2532 2559 monuerat
2593 2499 2674 2559 ut
2717 2495 2778 2560 ei

676 2593 969 2661 Parisius
1033 2605 1401 2664 occurreret
1462 2598 1535 2662 in
1598 2599 1943 2664 incertum.
2056 2597 2205 2674 Sed,
2271 2601 2350 2660 ut
2411 2597 2612 2676 scitis,
2659 2618 2779 2663 nec
2803 2597 3049 2676 Inconve-

677 2684 1107 2784 equitaturas,
1152 2722 1271 2766 nec
1314 2723 1654 2787 expensae,
1699 2721 1820 2766 nec
1888 2700 2094 2766 socios
2139 2699 2256 2784 qui
2320 2721 2437 2784 per
2501 2721 2779 2787 regnum
2801 2665 3070 2798 3ῗέᾝὲ

681 2799 956 2887 dispersi
1022 2808 1203 2881 sunt,
1284 2805 1371 2868 ad
1438 2808 1575 2868 tam
1644 2804 1904 2869 crebros
1975 2808 2045 2868 et
2106 2801 2380 2866 inutiles
2447 2802 2779 2868 discursus
2801 2797 2998 2848 ⁰⁰¹²&-

676 2909 895 2989 potest
938 2905 1160 2971 subito
1226 2928 1613 2992 praeparare.
1709 2906 1904 2987 Quod
1951 2910 2020 2970 et
2063 2905 2416 2992 sapienteS,
2460 2906 2580 2990 qui
2627 2928 2777 2970 eum
2802 2879 2974 2915 encas.

675 3011 815 3071 tam
859 3007 1055 3073 facile
1101 3012 1401 3086 evocant,
1444 3012 1829 3095 oportuerat
1888 3007 2268 3093 praemetiri.
2360 3006 2495 3072 Vos
2553 3012 2778 3072 autem

672 3108 1055 3195 diligentior
1098 3111 1465 3190 exstitistiS,
1511 3112 1628 3197 qui
1672 3111 1751 3188 ei,
1800 3132 1934 3174 uno
1995 3110 2328 3175 duntaxat
2389 3110 2780 3196 interposito

674 3210 798 3290 die,
830 3218 1081 3277 certum
1129 3214 1581 3299 praestituistis
1630 3214 1827 3293 diem,
1875 3216 1955 3276 ut
2001 3212 2382 3297 duplomate
2402 3208 2428 3248 ³
2472 3212 2777 3277 incedens

673 3313 975 3400 episcopo
1043 3315 1346 3401 Sagiensi
1430 3321 1501 3381 et
1586 3314 2050 3381 archidiacono
2144 3314 2608 3379 Cantuariensi
2677 3336 2774 3383 oc-

672 3422 980 3483 curreret.
1075 3417 1209 3483 Sed
1273 3422 1601 3504 quatenus
1664 3417 2046 3502 episcopum
2113 3417 2315 3481 verba
2389 3422 2458 3482 et
2531 3416 2774 3485 litterae

668 3524 905 3584 vestrae
924 3519 951 3558 ⁴
992 3519 1306 3607 obligent,
1350 3519 1587 3586 melius
1631 3520 1876 3598 nostis;
1936 3526 2005 3584 et
2049 3518 2184 3604 ipse
2229 3518 2459 3585 recolit
2488 3518 2778 3605 qualiter

670 3620 963 3705 ejusdem
1028 3623 1317 3709 episcopi
1339 3623 1364 3660 ⁵
1431 3622 1673 3688 litteris
1738 3626 1807 3687 ct
1873 3622 2154 3686 aliorum
2219 3620 2490 3686 consilio
2565 3644 2777 3708 nuper
2800 3628 2908 3705 lee
2931 3631 3072 3679 Pon·

669 3721 933 3787 delusus
978 3724 1083 3803 sit,
1158 3730 1235 3789 ut
1297 3724 1501 3791 socios
1570 3729 1965 3790 convocaret
2028 3728 2098 3787 et
2157 3723 2376 3787 varias
2443 3723 2776 3788 inutiliter
2799 3702 2994 3812 {ffiffim

667 3832 1047 3909 procuraret
1113 3848 1449 3913 expensas,
1542 3826 1609 3889 N
1612 3848 1721 3890 am
1765 3826 1854 3892 ad
1921 3825 2050 3890 iter
2107 3826 2439 3891 accinctus
2485 3830 2642 3903 crat,
2705 3832 2774 3893 et

665 3926 1070 4013 fatigaverat
1136 3928 1401 4006 multos
1472 3950 1622 3994 cum
1684 3928 1922 4013 ipsum,
1970 3927 2154 3992 fama
2218 3926 2552 4013 vulgante,
2597 3927 2769 3992 didi-

665 4030 759 4096 cit
804 4030 877 4094 in
922 4030 989 4093 N
992 4032 1405 4097 ormanniam
1468 4030 1731 4108 redisse,
1776 4029 2106 4095 incertum
2149 4050 2239 4094 an
2285 4028 2525 4115 dignus
2567 4028 2768 4095 habe·

664 4137 851 4197 retur
894 4134 1010 4218 qui
1055 4132 1299 4198 litteris
1345 4133 1609 4199 deberet
1656 4136 1776 4197 aut
1821 4131 2060 4197 nuntio
2104 4129 2533 4217 praemuniri.⁶
2611 4131 2770 4197 For—-

666 4238 839 4301 tasse
884 4234 1171 4302 ecclesioe
1234 4237 1575 4323 negotium
1642 4234 1807 4302 adeo
1853 4231 2103 4297 humile
2147 4238 2250 4299 est
2293 4237 2374 4297 ut
2438 4254 2574 4299 non
2640 4233 2770 4298 nisi

667 4337 749 4403 de
794 4336 999 4404 latere
1044 4343 1113 4404 et
1157 4358 1241 4402 ex
1286 4337 1607 4405 incidenti
1630 4334 1656 4377 ⁷
1701 4335 1978 4403 tractari
2024 4334 2279 4412 debeat,
2323 4339 2396 4399 et
2439 4340 2770 4401 transcur-

730 4542 745 4573 ¹
778 4542 955 4603 minus,
978 4542 1041 4603 O,
1068 4544 1147 4603 G;
1182 4543 1405 4606 minimis,
1430 4542 1487 4592 Z.
1829 4540 1852 4572 ⁴
1885 4548 2077 4601 νοείτω,
2102 4538 2166 4599 0,
2191 4540 2277 4600 V;
2311 4553 2412 4589 om.
2436 4537 2503 4589 L.

722 4618 743 4652 ²
777 4622 875 4681 sui,
899 4619 956 4680 Z,
981 4621 1062 4680 G;
1097 4638 1253 4684 suane,
1276 4623 1338 4671 L.
1827 4620 1848 4650 ⁵
1885 4617 2119 4684 episcopi,
2143 4617 2206 4677 Ο,
2232 4617 2315 4677 G;
2350 4632 2452 4668 om.
2485 4618 2544 4668 L.

722 4698 745 4731 ³
780 4698 1081 4764 duplomate‚
1130 4702 1195 4761 Ο,
1238 4700 1323 4761 v,
1379 4698 1660 4765 diplomate,
1831 4696 1852 4729 ὅ
1876 4696 2192 4764 proemoneri,
2219 4695 2288 4745 L.

654 4780 712 4831 L.
1829 4775 1849 4812 7
1881 4776 2148 4838 accidenti,
2172 4774 2234 4827 G.
