3634 5800
634 883 768 934 AJ).
805 872 1027 955 1169]
1508 888 1869 936 Emsromz.
2528 950 2535 956 .
2619 874 2747 940 117

630 1071 922 1156 pliorem.
1037 1075 1356 1156 Quocirca
1401 1076 1775 1141 fiducialius
1828 1077 1916 1141 ad
1963 1098 2098 1152 VOS,
2147 1082 2399 1162 quanta
2467 1083 2747 1163 possunt

631 1174 1002 1255 devotione,
1048 1180 1314 1265 parvuli
1382 1179 1634 1245 Christi
1680 1179 2091 1265 confugiunt,
2141 1184 2210 1243 et
2272 1184 2504 1244 sancta
2570 1180 2743 1245 Can-

631 1281 989 1346 tuariensis
1035 1283 1307 1348 ecclesia
1366 1283 1786 1368 provolvitur
1839 1283 2121 1368 pedibus
2189 1282 2447 1359 vestris
2492 1287 2573 1346 ut
2639 1281 2743 1346 in-

630 1384 1099 1449 tercessionum
1144 1392 1517 1451 vestrarum
1565 1385 1881 1471 suffragio
1943 1386 2155 1471 ipsam
2203 1390 2271 1449 et
2318 1406 2543 1449 omnes
2588 1405 2742 1450 con-

631 1481 951 1550 terminas
1018 1487 1161 1571 ejus
1233 1487 1533 1573 eripiatis
1601 1509 1642 1552 a
1717 1488 1955 1572 laqueo
2031 1487 2284 1567 mortis,
2350 1507 2567 1571 quam,
2616 1487 2741 1551 sub

630 1585 929 1652 honestae
976 1590 1156 1674 pacis
1187 1589 1538 1669 velamine,
1572 1596 1954 1675 persecutor
1984 1595 2209 1654 noster
2253 1590 2566 1654 intentat.
2646 1590 2743 1653 Eo

630 1688 808 1752 enim
855 1691 1210 1774 perductus
1256 1697 1358 1757 est
1399 1693 1488 1756 ad
1534 1692 1926 1756 instantiam
1989 1691 2241 1756 domini
2290 1690 2618 1768 Gratiani,
2664 1696 2743 1755 ut

631 1789 808 1872 quod
869 1812 1045 1855 anno
1113 1793 1451 1877 praeterito
1518 1798 1877 1877 respuerat,
1947 1814 2065 1877 pro
2133 1813 2352 1856 amore
2420 1797 2490 1855 et
2550 1811 2741 1877 prece

630 1888 882 1952 domini
956 1912 1146 1977 papae
1222 1914 1400 1957 nunc
1474 1894 1810 1969 admittat,
1889 1892 2204 1956 honorem
2282 1892 2410 1957 Dei
2487 1892 2743 1956 scilicet
2935 1971 2947 1982 ·

627 1990 886 2055 salvum
931 1992 1090 2058 fore.
1185 1994 1318 2059 Sed
1364 1995 1810 2059 incontinenti
1840 1995 2103 2079 adjecit,
2149 1993 2379 2060 Salvis
2426 1992 2738 2077 cliyni-ta-
2766 1970 3020 2087 onuffigmn

629 2092 808 2159 tibus
851 2094 998 2159 suis
1016 2121 1040 2175 ;
1088 2117 1366 2180 quarum
1413 2097 1679 2161 nomine
1743 2091 2092 2161 damnatas
2137 2097 2412 2183 pridem,
2460 2105 2531 2160 et
2592 2117 2740 2182 per·
2768 2103 3021 2170 diguities.

629 2200 830 2280 petuo
877 2198 1300 2274 damnandas
1334 2198 1632 2283 disponit
1675 2198 2187 2263 consuetudines
2234 2197 2551 2261 obtinere.
2644 2197 2743 2262 Ea

630 2298 806 2361 enim
851 2321 1037 2363 mens
1092 2303 1193 2364 est
1254 2299 1348 2385 pii
1415 2299 1750 2384 principiS,
1800 2304 1880 2363 ut
1943 2304 2107 2364 tunc
2176 2299 2443 2362 demum
2514 2298 2743 2383 vigeat

627 2401 838 2466 honor
901 2401 1046 2479 Dei,
1111 2403 1168 2466 si
1237 2403 1683 2488 dignitatibus
1752 2424 1917 2488 quas
1966 2402 2277 2467 vendicat
2338 2423 2473 2466 non
2536 2402 2745 2466 refra-

627 2510 859 2591 getur3
935 2506 1230 2591 alioquin
1306 2506 1439 2571 illae
1477 2493 1959 2592 praejudicent.
2085 2504 2447 2569 Gratianus
2515 2509 2741 2569 autem

629 2610 863 2674 intulit
908 2612 1085 2694 quod
1131 2610 1262 2687 ille,
1323 2610 1510 2676 salva
1575 2609 1888 2674 libertate
1935 2609 2243 2685 ecclesiae,
2291 2608 2479 2693 regni
2545 2609 2741 2672 liber-

630 2712 883 2777 tatibus
930 2713 1243 2797 potiatur,
1278 2713 1391 2777 sed
1438 2713 1525 2777 ad
1568 2733 1810 2776 nomen
1858 2711 2191 2777 libertatis
2235 2710 2530 2788 ecclesioe,
2563 2712 2736 2796 quod

629 2818 786 2878 ante
849 2814 982 2878 sibi
1042 2814 1115 2877 in
1179 2814 1432 2879 exactis
1496 2813 1991 2879 conditionibus
2058 2813 2279 2877 fuerat
2343 2813 2741 2889 inauditum,

629 2916 780 3001 pius
842 2938 961 2981 rex
984 2915 1009 2953 ¹
1071 2915 1500 2981 vehementer
1562 2916 1941 2992 excanduit,
1986 2921 2057 2981 et
2121 2937 2365 2981 nomen
2434 2915 2557 2980 hoc
2620 2916 2738 2978 vix

628 3018 850 3103 potuit
892 3018 1238 3082 sustinere.
1332 3017 1378 3081 J
1380 3018 1670 3084 actitant
1698 3017 1803 3081 sui
1835 3017 2331 3082 restitutionem
2362 3016 2737 3082 ablatorum
2766 3019 3016 3097 Questipn

628 3119 881 3184 nullam
928 3119 1217 3184 ecclesiae
1278 3118 1665 3196 faciendam,
1713 3139 1791 3183 eo
1862 3118 2041 3204 quod
2106 3123 2549 3184 antecessores
2615 3120 2737 3197 sui,
2762 3088 3045 3205 ssssffimm'

627 3227 707 3286 ut
751 3222 1189 3300 mentiuntur,
1221 3220 1392 3284 nihil
1438 3241 1735 3305 unquam
1766 3222 2205 3285 restituerunt
2233 3220 2738 3306 archiepiscopis

627 3329 697 3388 et
742 3324 1062 3408 episcopis
1110 3344 1291 3408 quos,
1339 3344 1424 3386 ex
1469 3323 1614 3407 pari
1682 3344 1898 3399 causa,
1943 3344 2394 3408 saepenumero
2461 3323 2738 3408 fugave-

626 3431 800 3490 runt.
892 3426 983 3489 Et
1027 3431 1204 3491 certe
1249 3445 1327 3488 eo
1373 3423 1831 3489 constantius²
1877 3425 2164 3509 petenda
2209 3428 2327 3501 est,
2358 3429 2427 3488 et
2471 3430 2738 3510 petetur

625 3549 666 3594 a
741 3528 946 3605 nobis,
1028 3527 1187 3613 quia
1261 3527 1586 3591 malorum
1654 3526 1960 3610 exempla
2026 3527 2225 3591 citius
2300 3527 2737 3605 invalescunt,

626 3636 713 3707 et,
760 3636 1031 3695 auctore
1093 3628 1257 3705 Dec,
1305 3628 1523 3713 quoad
1591 3627 1871 3702 licuerit,
1920 3627 2395 3692 declinabimus
2456 3629 2542 3693 ad
2588 3650 2738 3714 pos-

625 3738 800 3798 teros
846 3737 1055 3797 tantae
1120 3730 1542 3795 enormitatis
1588 3736 1657 3794 et
1726 3730 1987 3794 sceleris
2050 3730 2406 3795 transferre
2453 3738 2522 3796 et
2587 3753 2734 3818 per-

621 3841 895 3920 petuare
941 3832 1321 3919 perniciem.

712 3935 1012 4000 Conatur
1070 3934 1246 3997 idem
1313 3954 1434 3997 rex
1497 3932 1775 3997 formam
1840 3932 2182 3999 fidelitatis
2246 3956 2443 4020 quam
2513 3935 2730 4001 clerici
2757 3928 3076 4044 {ltssration

622 4035 1034 4122 principibus
1097 4034 1311 4098 facere
1378 4038 1868 4097 consueverunt
1933 4041 2246 4112 evertere,
2291 4056 2425 4099 non
2487 4036 2731 4101 admit·
2754 4004 2966 4113 {301th

621 4146 769 4204 tens
813 4138 886 4201 in
934 4136 1172 4201 ultima
1216 4135 1510 4200 clausula
1545 4157 1615 4199 se
1661 4135 2019 4220 obligantis
2066 4135 2427 4202 ordimem³
2470 4138 2729 4202 salvum
2755 4127 2933 4194 sealty.

615 4242 755 4306 fore
801 4239 919 4305 sed
977 4238 1296 4304 honorem
1342 4235 1484 4302 Dei.
1578 4237 1753 4317 Quia
1816 4259 2166 4322 persuasus
2210 4247 2329 4315 est,
2374 4244 2453 4303 ut
2518 4241 2730 4320 aiunt,

617 4365 659 4409 a
702 4341 1153 4428 grammaticis
1199 4340 1353 4419 suis,
1403 4361 1566 4424 quos
1613 4340 1684 4402 in
1739 4339 2077 4403 laesionem
2139 4341 2427 4406 ecclesiae
2471 4343 2729 4429 nuper⁴¹

618 4443 926 4521 adscivit,
972 4441 1154 4527 quod
1197 4441 1410 4506 honor
1454 4441 1585 4505 Dei
1628 4461 1763 4505 non
1811 4441 2170 4518 minuetur,
2215 4443 2273 4506 si
2317 4443 2531 4509 clerici
2580 4467 2726 4530 pas-

686 4625 703 4658 ¹
737 4625 986 4683 Francioe,
1011 4624 1108 4673 ins..
1145 4623 1210 4675 G.
1279 4624 1413 4687 (But
1449 4623 1624 4687 Henry
1788 4622 1810 4653 ³
1849 4622 1919 4672 So
1956 4623 2020 4683 Ο,
2058 4623 2118 4681 Ζ,
2149 4622 2228 4682 G;
2261 4623 2497 4685 ordinem,
2533 4640 2631 4675 om.
2656 4628 2727 4685 V,

616 4705 659 4754 is
681 4702 927 4766 certainly
947 4702 1164 4762 meant.)
1723 4700 1770 4749 L
1791 4718 1804 4759 ;
1841 4699 1947 4760 sed,
1971 4715 2071 4750 om.
2095 4698 2161 4750 L.

682 4780 704 4813 ²
735 4781 1026 4842 instantius,
1048 4780 1111 4830 Ο.
1789 4777 1809 4810 ⁴
1844 4793 2019 4843 nuper,
2043 4780 2083 4829 Z
2104 4801 2118 4840 ς
2152 4794 2253 4830 om.
2278 4780 2339 4843 L,
2362 4780 2428 4833 G.
