3634 5800
927 847 1056 916 572
1801 863 2165 914 nrrs'rOLAE.
2648 851 2805 934 [an.
2841 843 3049 918 1177.

923 1049 1160 1136 capitis
1205 1049 1563 1137 quantitas,
1611 1054 1692 1114 ut
1737 1049 1904 1116 collo
1949 1053 2019 1115 et
2063 1049 2193 1115 toti
2237 1049 2495 1137 corpori
2554 1049 3053 1136 proportionali

922 1152 1368 1218 moderatione
1434 1151 1847 1237 respondeat.
1943 1150 2165 1222 ‚Oculi
2234 1151 2377 1237 ejus
2438 1151 2791 1218 orbiculati
2858 1157 3049 1228 sunt,

923 1255 1084 1319 dum
1129 1255 1348 1341 pacati
1370 1254 1395 1293 ¹
1443 1259 1542 1320 est
1587 1255 1795 1322 animi
1842 1253 2203 1320 columbini
2249 1259 2321 1320 et
2364 1254 2733 1341 simplices;
2786 1255 2919 1320 'sed
2968 1256 3051 1319 in

923 1355 1024 1421 ira
1067 1360 1138 1420 et
1180 1355 1562 1421 turbatione
1585 1353 1611 1392 ²
1670 1355 1887 1422 cordis
1932 1357 2125 1441 quasi
2182 1343 2623 1421 scintillantes
2685 1357 2909 1442 ignem
2972 1359 3051 1420 et

924 1457 997 1520 in
1050 1457 1306 1542 impetu
1358 1455 1806 1522 fulminantes,
1930 1455 2247 1522 Caesaries
2294 1457 2437 1543 ejus
2484 1456 2731 1522 damna
2776 1456 3047 1522 calvitii

924 1581 1060 1626 non
1110 1564 1395 1638 veretur,
1439 1560 1946 1646 superveniente
1989 1565 2218 1626 autem
2240 1557 2267 1598 ⁸
2311 1559 2581 1626 artificii
2644 1559 3044 1646 capillorum

924 1667 1214 1728 tonsura.
1351 1662 1649 1734 Leonina
1707 1661 1907 1728 facies
1968 1662 2157 1748 quasi
2224 1662 2299 1727 in
2357 1661 2887 1749 quadrangulum
2960 1683 3034 1728 se

927 1765 1183 1830 dilatat.
1275 1763 1660 1829 Eminentia
1701 1763 1883 1830 naris
1921 1764 2009 1829 ad
2038 1763 2248 1829 totius
2288 1764 2580 1850 corporis
2611 1768 3036 1829 venustatem

925 1865 1214 1932 naturali
1289 1871 1392 1930 est
1464 1865 1913 1931 moderatione
2002 1885 2325 1951 propensa
2363 1888 2379 1943 3
2476 1865 2735 1931 arcuati
2812 1865 3034 1950 pedes„

925 1972 1258 2052 equestres
1308 1965 1508 2043 tibiae,
1552 1967 1796 2033 thorax
1826 1966 2176 2044 extensior,
2220 1966 2452 2036 lacerti
2496 1965 2777 2052 pugiles,
2806 1965 3029 2030 virum

926 2068 1187 2148 fortem,
1253 2068 1513 2155 agilem,
1581 2074 1650 2134 et
1710 2069 2026 2134 audacem
2087 2068 2543 2148 denuntiant3
2606 2067 2679 2132 in
2754 2068 3039 2152 quodam

926 2178 1152 2237 tamen
1195 2171 1474 2236 articulo
1518 2171 1707 2258 pedis
1752 2170 1897 2257 ejus
1942 2192 2093 2256 pars
2138 2171 2381 2259 unguis
2428 2169 2795 2236 innascitur
2836 2172 3036 2248 carni,

925 2279 1126 2358 atque
1169 2273 1240 2336 in
1271 2271 1737 2339 contumeliam
1781 2273 1992 2339 totius
2035 2273 2221 2359 pedis
2253 2273 2679 2339 vehementer
2719 2273 3033 2339 increscit.

927 2377 1166 2441 Manus
1211 2375 1354 2460 ejus
1418 2375 1518 2461 [in
1537 2373 1591 2460 4]
1652 2376 1942 2461 quadam
1986 2375 2289 2462 grossitie
2336 2396 2459 2440 sua
2501 2373 2791 2440 hominis
2852 2374 3033 2440 incu-

925 2479 1092 2544 riam
1125 2481 1621 2564 protestantur;
1667 2498 1894 2542 earum
1926 2477 2101 2542 enim
2132 2476 2386 2542 cultum
2431 2498 2699 2563 prorsus
2742 2475 3040 2564 negligit,

925 2602 1046 2648 nec
1090 2601 1402 2666 unquam,
1445 2580 1576 2644 nisi
1621 2601 1779 2646 aves
1810 2579 2086 2657 deferat,
2128 2579 2347 2643 utitur
2391 2578 2796 2645 chirothecis.
2890 2578 3042 2643 Sin-

927 2683 1102 2770 gulis
1162 2682 1394 2748 diebus
1462 2683 1535 2747 in
1602 2682 1837 2760 missis,
1912 2681 1986 2745 in
2030 2681 2339 2757 consiliiS,
2386 2686 2456 2745 et
2521 2679 2671 2746 aliis
2746 2680 3031 2766 publicis

927 2784 1300 2851 actionibus
1345 2784 1534 2871 regni
1595 2805 1871 2869 semper,
1925 2804 1966 2848 a
2026 2803 2218 2848 mane
2263 2803 2473 2868 usque
2536 2782 2623 2848 ad
2678 2803 3037 2867 vesperam,

930 2891 1068 2953 stat
1097 2887 1168 2951 in
1205 2886 1424 2973 pedes.
1517 2886 1625 2964 Et,
1665 2886 1824 2952 licet
1866 2885 2067 2951 tibias
2113 2883 2357 2950 habeat
2402 2883 2739 2970 frequenti
2780 2905 3041 2970 percus·

928 2991 1111 3055 sione
1172 2988 1659 3054 calcitrantium
1722 3008 2043 3072 equorum
2104 2987 2463 3052 enormiter
2525 2986 2907 3051 vulneratas
2968 2990 3040 3050 et

929 3092 1208 3167 lividas,
1257 3090 1387 3155 nisi
1461 3094 1688 3155 tamen
1757 3090 2015 3175 equitet
2081 3094 2201 3153 aut
2230 3090 2256 3128 ⁶
2318 3089 2621 3172 comedat
2687 3110 3033 3170 nunquam

927 3193 1127 3257 sedet.
1251 3192 1408 3257 Una
1451 3191 1577 3270 die,
1623 3192 1682 3255 si
1726 3212 1892 3277 opus
1945 3189 2199 3268 fuerit,6
2242 3196 2532 3275 quatuor
2578 3196 2697 3255 aut
2742 3190 3036 3275 quinque

930 3296 1162 3359 diaetas
1208 3294 1517 3373 excurrit,
1550 3297 1619 3358 et
1663 3293 1758 3358 sic
1805 3293 2223 3357 inimicorum
2278 3292 2813 3358 machinamenta
2870 3314 3036 3378 prae-

929 3396 1221 3473 venienS,
1283 3394 1574 3460 malitias
1591 3393 1616 3436 ⁷
1679 3415 1905 3460 eorum
1969 3394 2347 3480 frequenter
2391 3394 2742 3481 inopinata
2784 3394 3037 3460 subita-

928 3499 1109 3564 tione
1171 3497 1443 3562 deludit.
1569 3496 1798 3561 Ocreis
1859 3496 2002 3561 sine
2061 3495 2255 3581 plica,
2300 3494 2492 3581 pileis
2538 3495 2681 3560 sine
2726 3495 2921 3572 fastu,
2966 3502 3037 3559 et

931 3600 1230 3665 vestibus
1260 3600 1480 3664 utitur
1518 3598 1866 3683 expeditis.
1962 3597 2331 3663 Vehemens
2377 3602 2634 3663 amator
2678 3618 3039 3674 nemorum,

930 3703 1090 3768 dum
1136 3708 1346 3771 cessat
1390 3724 1431 3767 a
1499 3701 1748 3788 praeliis
1793 3701 1867 3764 in
1911 3701 2151 3768 avibus
2206 3706 2275 3767 et
2318 3701 2592 3767 canibus
2642 3722 2713 3765 se
2758 3706 3035 3765 exercet.

931 3804 1104 3871 Caro
1195 3804 1524 3889 siquidem
1601 3802 1744 3889 ejus
1820 3824 1890 3868 se
1955 3802 2126 3868 mole
2193 3801 2615 3888 pinguedinis
2684 3802 3039 3865 enormiter

931 3912 1280 3984 onerasset,
1350 3905 1480 3971 nisi
1557 3906 1733 3991 quod
1799 3903 2055 3973 ventris
2132 3903 2555 3969 insolentiam
2620 3904 2897 3989 jejuniis
2970 3910 3041 3969 et

930 4009 1244 4075 exercitio
1314 4007 1577 4086 domat3
1646 4012 1846 4093 atque
1915 4007 1988 4070 in
2051 4005 2463 4072 ascendendo
2528 4026 2773 4089 equum
2837 4010 2906 4071 et
2966 4005 3039 4069 in

929 4109 1334 4177 excurrendo
1393 4108 1738 4173 levitatem
1799 4107 2260 4173 adolescentiae
2306 4126 2595 4182 servans»,
2643 4106 3033 4191 potentissi-

928 4233 1070 4277 mos
1114 4212 1200 4277 ad
1245 4210 1533 4276 laborem
1579 4210 1859 4295 singulis
1904 4209 2037 4274 fere
2070 4209 2303 4273 diebus
2351 4208 2729 4273 itinerando
2774 4208 3043 4295 fatigat.-

929 4316 1089 4381 Non
1151 4314 1346 4391 enim,
1392 4313 1564 4379 sicut
1625 4312 1743 4376 alii
1805 4332 2009 4397 regesi,
2052 4311 2127 4375 in
2188 4310 2439 4396 palatio
2502 4330 2623 4376 suo
2676 4310 2873 4395 jacet,
2922 4311 3037 4375 sed

997 4545 1016 4577 ²
1043 4544 1256 4609 placati,
1279 4544 1338 4592 Z.
1994 4537 2003 4577 ἶ
2100 4537 2122 4569 ⁸
2158 4534 2253 4597 vel,
2275 4537 2340 4588 G.

995 4625 1018 4657 ²
1047 4622 1456 4690 perturbatione,
1479 4622 1532 4670 Z.
2104 4615 2125 4648 ⁶
2159 4623 2255 4674 est,
2276 4616 2329 4665 Z.

997 4702 1020 4735 a
1051 4706 1234 4759 autem,
1256 4702 1318 4761 Ρ,
1342 4700 1414 4759 Ζ;
1451 4704 1629 4759 tamen,
1653 4697 1716 4749 G.
2100 4693 2123 4733 7
2158 4694 2400 4756 malitias,
2423 4694 2484 4755 P,
2509 4695 2583 4756 Ζς
2619 4698 2773 4756 artes,
2800 4696 2862 4747 G.

1003 4781 1023 4813 ⁴
1057 4782 1130 4842 in,
1155 4780 1210 4828 Z.
