3634 5800
535 1730 674 1798 Sept.
703 1735 780 1782 16.

535 2124 769 2190 Reptoof

533 2191 619 2241 for
641 2193 758 2242 sub-

536 2257 792 2310 servience

535 2330 590 2373 to
611 2324 702 2373 the

871 863 1003 928 360
1749 876 2108 929 nmsrom.
2586 861 2749 947 [Am.
2782 863 2979 928 1170.

1828 1194 2021 1260 DCC.

1110 1343 1554 1414 Auxuma
1599 1361 1777 1415 PAPA
1819 1361 1919 1413 An
1962 1363 2331 1414 snscoros
2374 1362 2721 1425 Quosmm.

940 1499 1030 1564 (C.
1059 1503 1185 1561 1863
1219 1501 1289 1553 A.
1313 1505 1406 1563 753
1443 1501 1508 1554 Ο.
1533 1507 1658 1562 2123
1693 1501 1744 1554 ii.
1769 1509 1871 1563 693
1904 1503 1963 1554 Ζ.
1984 1519 2034 1554 v.
2070 1509 2171 1564 ⁶83
2205 1504 2339 1568 an.
2362 1519 2411 1554 v.
2436 1508 2537 1563 663
2569 1501 2750 1554 Thom-
2774 1505 2907 1562 2⁷23

1371 1582 1438 1634 Β.
1473 1583 1538 1633 de
1571 1582 1775 1646 Diceto,
1797 1581 1832 1634 i.
1855 1588 1989 1645 8403
2023 1584 2232 1650 Rymer,
2254 1583 2291 1635 i.
2312 1585 2422 1644 26.)

961 1695 1350 1779 Alexander
1362 1712 1387 1752 ¹
1433 1715 1792 1802 episcopua,
1838 1735 2067 1780 servus
2112 1735 2452 1780 servorum
2506 1713 2651 1790 Dei,
2701 1733 2971 1778 venera.-

871 1813 1120 1880 bilibus
1166 1815 1486 1881 fratribus
1534 1816 2006 1893 Lundoniensi,
2052 1815 2548 1892 Saresberiensi,
2595 1815 2974 1892 Exoniensi,

874 1915 1226 1996 cestrensi,
1288 1917 1600 1996 Roffensi,
1665 1918 1746 1983 de
1811 1918 2089 1985 Sancto*
2105 1917 2353 2004 Asaph,
2398 1921 2469 1982 et
2512 1916 2931 1983 Laudavensi
2946 1913 2973 1954 ²

871 2019 1210 2105 episcopis,
1253 2017 1532 2085 salutem
1581 2021 1651 2086 et
1694 2019 2121 2105 apostolicam
2165 2009 2703 2104 benedictionem.

962 2120 1365 2206 Oportuerat
1440 2141 1576 2197 VOS,
1645 2120 1914 2205 quando
1982 2120 2273 2206 primum
2346 2119 2720 2185 carissimus
2793 2118 2971 2184 filius

870 2227 1096 2286 noster
1154 2221 1501 2300 Henrieus‚
1563 2243 1683 2286 rex
1749 2225 1989 2300 vester,
2035 2222 2162 2287 sub
2227 2222 2423 2309 regiae
2484 2221 2835 2307 dignitatis
2902 2227 2972 2286 et
3013 2304 3023 2311 .

873 2323 1216 2388 fidelitatis
1279 2322 1578 2401 obtentu,
1624 2344 1703 2389 ea
1766 2323 1957 2388 vobis
2034 2323 2400 2389 constituta¹
2472 2323 2833 2408 proposuit,
2901 2328 2971 2388 et

871 2425 1117 2511 scripto
1162 2425 1360 2511 petiit
1420 2429 1490 2489 et
1542 2425 1927 2510 juramento
1989 2425 2257 2502 firmari,
2303 2446 2453 2510 quae
2496 2423 2749 2511 liquido
2809 2425 2970 2490 satis

871 2530 941 2592 et
1004 2525 1381 2608 libertatem
1441 2525 1729 2593 ecclesiae
1789 2531 1860 2592 et
1912 2527 2331 2592 sacerdotalis
2390 2526 2586 2593 officii
2642 2525 2971 2613 judicium

872 2626 1352 2713 deprimebant,
1399 2627 1652 2714 erigere
1714 2627 1935 2694 oculos
1979 2633 2235 2692 vestros
2294 2627 2381 2693 ad
2437 2627 2699 2705 coelum,
2746 2631 2816 2692 et
2865 2649 2967 2692 as-

871 2729 1146 2796 cendere
1209 2751 1328 2816 pro
1373 2731 1567 2796 domo
1613 2729 1887 2796 Domini
1948 2752 2033 2794 ex
2078 2730 2371 2807 adversO,
2415 2734 2496 2794 ut
2552 2751 2688 2794 non
2751 2735 2971 2815 posset

871 2831 945 2896 in
991 2831 1194 2899 oculis
1239 2831 1496 2910 vestris,
1541 2833 1916 2898 tacentibus
1958 2831 2167 2909 vobis,
2199 2831 2635 2899 ecclesiastica
2680 2832 2968 2921 dignitas

872 2935 1267 3021 naufragari.
1385 2933 1476 3001 Et
1538 2934 1825 3020 quidem,
1878 2934 1937 2999 si
2004 2934 2179 2999 ullus
2198 2933 2225 2973 ³
2290 2956 2411 3000 vos
2474 2956 2595 3021 pro
2654 2935 2971 3022 pastorali

869 3057 1030 3103 cura.
1055 3035 1235 3102 zelus
1279 3035 1699 3101 rectitudinis
1743 3036 2085 3111 tenuisset,
2117 3036 2586 3122 cognovissetis
2612 3058 2733 3102 vos
2774 3058 2971 3122 super

868 3142 1098 3223 gentes
1160 3137 1557 3204 constitutos
1573 3136 1602 3176 ⁴
1664 3142 1734 3203 et
1791 3158 2013 3223 regna,
2058 3141 2139 3201 ut
2190 3138 2263 3202 in
2321 3138 2679 3224 madoribus
2724 3144 2795 3204 et
2854 3140 2929 3204 in
2944 3136 2969 3178 ⁵

869 3239 1236 3305 minoribus
1295 3239 1579 3305 evellere
1639 3239 1973 3325 plantaria
2017 3238 2354 3316 vitiorum,
2399 3244 2468 3303 et
2526 3261 2797 3325 germen
2855 3241 2968 3307 de-

869 3339 1174 3407 lectabile
1220 3340 1509 3407 Domino
1556 3340 1843 3406 inserere
1880 3340 2192 3405 debeatis.
2245 3420 2255 3429 ·
2284 3340 2485 3407 Nunc
2526 3346 2771 3421 autem,
2812 3344 2968 3429 quia

869 3442 1020 3529 plus
1081 3442 1154 3507 in
1199 3442 1388 3508 vobis
1434 3443 1681 3507 terreni
1727 3441 2047 3527 principis
2104 3441 2479 3507 reverentia
2522 3464 2723 3527 quam
2768 3444 2969 3509 timor

869 3544 1139 3610 Domini
1157 3542 1184 3582 ⁰
1229 3549 1299 3610 et
1343 3544 1728 3631 episcopalis
1773 3544 1987 3608 honor
2019 3540 2237 3608 valuit
2280 3542 2648 3629 dignitatis,
2692 3566 2812 3631 pro
2842 3545 2966 3611 vili

868 3646 1068 3712 lentis
1132 3646 1352 3711 edulio
1422 3644 1630 3731 (quod
1693 3648 2047 3709 moerentes
2107 3644 2415 3730 dicimus)
2478 3647 2965 3733 contempsistis

870 3748 1311 3835 primogenita.
1377 3767 1528 3813 cum
1577 3746 1769 3825 Esau,
1826 3753 1895 3811 et
1954 3745 2349 3832 implevistis
2410 3744 2483 3810 in
2540 3746 2731 3814 vobis
2790 3750 2967 3835 quod

871 3852 946 3916 in
989 3850 1232 3937 populo
1285 3847 1334 3914 J
1337 3849 1675 3914 udaeorum
1737 3846 1786 3913 J
1788 3848 2065 3913 eremias
2109 3846 2513 3915 lamentatur
2574 3848 2969 3937 impletum!

873 3952 1132 4019 dicens:
1195 3959 1231 3989 “
1263 3950 1598 4017 Sederunt
1656 3950 1729 4015 in
1791 3954 1988 4029 terra,
2050 3950 2513 4016 conticuerunt
2556 3972 2760 4031 senes,
2814 3974 2967 4019 con-

872 4062 903 4089 “
931 4058 1330 4141 ‚sperserunt
1396 4052 1614 4117 cinere
1683 4051 1904 4137 capita.
1968 4072 2087 4117 sua
2145 4050 2438 4137 virgines
2501 4052 2659 4119 ffliae
2732 4054 2779 4118 J
2778 4053 2967 4121 udass’

869 4154 1047 4221 Sane
1092 4154 1148 4219 si
1193 4153 1557 4219 terroribus
1603 4158 1672 4219 et
1717 4152 1917 4217 minis
1970 4152 2272 4219 exterriti
2315 4154 2401 4219 ad
2446 4153 2855 4240 recipiendas
2899 4161 2968 4221 et

936 4404 954 4439 ¹
986 4402 1284 4455 Alexander
1319 4438 1333 4453 .
1365 4438 1380 4452 .
1419 4440 1430 4453 .
1473 4400 1865 4453 benedictionem.
2036 4402 2057 4434 ⁴
2091 4402 2403 4463 constitutos,
2421 4419 2525 4454 om.
2548 4402 2609 4456 C.

869 4485 941 4537 So
983 4484 1036 4534 in
1081 4484 1142 4544 C,
1185 4481 1310 4534 with
1351 4482 1602 4548 episcopia
1644 4480 1867 4531 inserted
2037 4479 2059 4511 ⁵
2093 4480 2253 4543 iugc,
2288 4497 2391 4533 om.
2413 4483 2501 4544 A;
2536 4488 2585 4533 et
2608 4484 2665 4535 in
2684 4485 2972 4552 minoribus,

865 4564 1000 4615 from
1021 4566 1083 4615 L.
1970 4574 2071 4611 om.
2094 4559 2157 4611 Ο.

933 4642 955 4674 2
987 4640 1388 4699 Landaveneua',
1409 4638 1480 4689 V.
2036 4636 2058 4669 ⁸
2092 4636 2216 4699 Dei,
2241 4638 2315 4696 C:
2354 4638 2581 4701 Domini,
2602 4640 2672 4703 A,
2696 4644 2757 4705 Z,
2778 4644 2838 4695 L.

931 4723 954 4755 ⁸
987 4720 1136 4781 ullus,
1159 4735 1257 4769 om.
1285 4718 1342 4769 O.
2036 4716 2057 4754 7
2092 4715 2352 4784 impletum,
2378 4718 2438 4779 C,
2460 4720 2531 4779 Z;
2566 4734 2668 4771 om.
2694 4723 2751 4772 L.
