3634 5800
577 873 707 928 Ab.
745 857 968 946 1170.]
1448 873 1805 922 EPISTOLAE.
2553 859 2681 922 269

579 1053 910 1130 conflavit,
957 1059 1026 1118 et
1069 1052 1344 1140 spiritus
1402 1075 1538 1119 non
1583 1058 1686 1118 est
1729 1053 1801 1117 in
1840 1074 1933 1118 eo.
2030 1054 2097 1118 Is
2144 1057 2245 1118 est
2291 1055 2407 1138 qui
2454 1054 2526 1117 in
2572 1074 2683 1119 ore

579 1176 698 1219 suo
744 1175 970 1239 pacem
1015 1155 1353 1220 nobiscum
1399 1154 1811 1240 loquebatur,
1858 1159 1928 1218 et
1973 1175 2152 1219 nunc
2196 1154 2449 1220 occulte
2494 1155 2687 1240 ponit

581 1255 894 1334 insidias;
939 1255 1114 1320 unde
1159 1255 1580 1340 periculosior
1625 1259 1727 1318 est
1770 1255 1853 1319 de
1898 1253 2305 1339 quibuslibet
2363 1256 2687 1340 propheta

584 1356 784 1422 dicit:
848 1363 882 1390 “
916 1355 1188 1442 Sagitta·
1241 1355 1596 1420 vulnerans
1662 1356 1893 1442 lingua
1956 1377 2217 1434 eorum3
2291 1356 2517 1419 dolum
2590 1357 2681 1421 lo-

584 1466 616 1493 “
661 1464 854 1524 cutus
919 1457 1072 1523 est.''
1165 1458 1410 1522 Verum
1474 1479 1611 1522 non
1671 1479 1872 1543 pergo
1932 1478 2108 1522 nunc
2154 1458 2431 1522 ulterius
2492 1459 2687 1523 istius

584 1560 922 1646 exagitare
970 1559 1438 1645 ignominiam:
1485 1557 1727 1623 sufficit
1772 1559 2087 1644 tetigisse,
2120 1559 2487 1644 praesertim
2534 1581 2685 1625 cum

584 1661 786 1725 sciam
830 1681 952 1725 nec
995 1660 1294 1724 dubitem
1359 1682 1463 1724 me
1501 1665 1761 1724 tacente
1808 1681 1894 1723 ex
1946 1659 2089 1744 jam
2138 1660 2331 1724 dictis
2391 1681 2687 1745 personae

583 1761 1097 1826 circumstantiis
1171 1782 1519 1846 personam
1595 1762 1809 1846 ipsam
1886 1783 2037 1826 cum
2110 1761 2440 1826 universis
2518 1763 2684 1828 idio-

581 1862 871 1927 matibus
915 1862 1054 1926 suis
1097 1862 1307 1926 menti
1352 1867 1489 1927 tuae
1535 1883 1690 1926 mox
1736 1861 2131 1940 occurrisse;
2190 1863 2305 1927 sed
2352 1883 2687 1948 speramus

582 1963 758 2048 quod
803 1962 876 2026 hi
907 1967 976 2027 et
1020 1962 1257 2027 horum
1303 1962 1548 2027 similes
1595 1962 1784 2027 nobis
1815 1963 1957 2027 sine
2000 1983 2197 2028 causa
2240 1962 2685 2040 adversantes

584 2071 702 2130 tua
763 2065 1110 2150 majestate
1174 2069 1514 2149 praesente,
1582 2069 1936 2151 praestante
1998 2062 2309 2144 Domin0‚
2355 2070 2687 2130 reverten-

584 2171 695 2231 tur
739 2164 1007 2231 confusi.
1107 2164 1292 2230 Inter
1337 2185 1503 2249 quos
1548 2164 1750 2229 etiam
1795 2164 2102 2228 nonnulli
2162 2165 2363 2229 militi
2387 2164 2410 2201 ¹
2455 2166 2689 2232 dicun·

583 2275 713 2347 tur,
758 2272 838 2332 ut
882 2266 1072 2331 nobis
1117 2267 1338 2351 potius
1371 2286 1569 2350 quam
1616 2265 1804 2330 vobis
1850 2265 2194 2343 obsistant,
2224 2287 2373 2332 cum
2422 2267 2687 2333 domino

583 2390 701 2434 suo
747 2368 1148 2434 somniantes
1194 2388 1312 2431 vos
1357 2367 1429 2430 in
1493 2373 1671 2432 terra
1714 2367 2008 2452 ipsorum
2070 2367 2423 2433 cismarina
2466 2371 2685 2435 nescio

584 2491 782 2555 quam
826 2469 1221 2554 legationem
1268 2468 1650 2553 petiturum.
1744 2468 2008 2545 Verum,
2066 2490 2302 2553 parum
2362 2469 2640 2534 istorum
2663 2470 2689 2510 ²

584 2571 840 2636 somnia
885 2574 1208 2649 curantes
1257 2589 1407 2634 cum
1455 2568 1766 2633 universa
1813 2569 2085 2634 ecclesia
2129 2574 2199 2634 et
2255 2590 2377 2634 nos
2422 2571 2687 2654 pariter,

583 2674 760 2736 inter
790 2669 1139 2735 monachos
1171 2675 1240 2734 et
1269 2674 1492 2756 petras
1523 2669 1990 2748 delitiscentes‚
2038 2670 2109 2733 in
2154 2675 2380 2734 nostra
2425 2693 2689 2737 oramus

583 2795 891 2858 pressura
951 2779 1033 2837 ut
1097 2771 1371 2837 veniens
1440 2771 1668 2835 venias
1728 2792 1877 2835 cum
1954 2772 2397 2836 exsultatione
2472 2793 2689 2857 prose-
2734 2823 2739 2830 .

584 2879 878 2961 quenteS,
923 2874 1004 2939 de
1051 2873 1240 2959 cujus
1308 2893 1579 2938 munere
1642 2873 1832 2938 venit
1880 2873 2056 2959 quod
2120 2873 2295 2938 tanti
2360 2874 2690 2959 pontificis

584 2977 951 3042 ministerio
996 2976 1303 3041 visitavit
1363 2974 1621 3061 plebem
1667 2996 1893 3054 suam3
1947 2975 2061 3059 qui
2123 2997 2241 3059 pro
2286 2975 2441 3038 filiis
2485 2978 2693 3061 capti·-

583 3078 816 3143 vitatis
883 3079 1213 3163 legatione
1282 3076 1617 3161 fungatur,
1663 3076 1780 3160 qui
1827 3075 1912 3139 ad
1968 3075 2305 3159 justitiam
2368 3077 2689 3162 majorum

582 3185 954 3244 nostrorum
1001 3179 1194 3243 nobis
1239 3177 1438 3243 corda
1483 3176 1807 3253 conciliet,
1856 3182 1925 3241 et
1972 3181 2128 3241 vota
2186 3176 2453 3241 intimet
2497 3179 2690 3243 mise-

582 3303 818 3347 rorum.
939 3280 1234 3365 Angelus
1303 3278 1531 3364 magni
1607 3278 1869 3343 consilii
1947 3278 2037 3342 sit
2110 3278 2499 3355 vobiscum,³
2574 3280 2689 3364 qui

581 3388 768 3468 aptet
813 3404 932 3446 vos
977 3383 1049 3445 in
1094 3381 1273 3445 omni
1318 3380 1507 3457 boun,
1555 3385 1633 3443 ut
1680 3379 2069 3465 intelligatis
2116 3400 2263 3464 quae
2310 3384 2491 3444 recta
2534 3387 2692 3445 sunt

584 3489 652 3549 et
697 3503 889 3568 opere
934 3504 1188 3567 semper
1234 3480 1630 3566 compleatis

654 3708 668 3739 ¹
703 3706 861 3767 militi,
915 3706 990 3766 P;
1077 3704 1268 3764 mulcti,
1328 3704 1378 3757 G
1437 3704 1588 3767 (both
1751 3702 1773 3735 ²
1807 3704 2029 3762 istorum,
2050 3702 2125 3763 P;
2162 3717 2345 3762 eorum,
2370 3702 2434 3753 G.

584 3785 860 3851 sccmingly
883 3786 1104 3849 wrong).
1751 3782 1774 3815 ³
1806 3779 2057 3830 nobiscum
2094 3816 2107 3830 .
2142 3817 2156 3831 .
2196 3816 2209 3829 .
2242 3796 2347 3843 non,
2371 3778 2435 3831 G.

3618 1058 3625 1142 -ῌὴ
3616 559 3625 1039 ῌ-ῌ-ψ-ψ-ᾳ,
3620 479 3625 540 Αᾼ..
