<?xml version="1.0" encoding="UTF-8"?>
<!DOCTYPE html PUBLIC "-//W3C//DTD XHTML 1.0 Transitional//EN"
    "http://www.w3.org/TR/xhtml1/DTD/xhtml1-transitional.dtd">
<html xmlns="http://www.w3.org/1999/xhtml" xml:lang="en" lang="en">
 <head>
  <title>
</title>
<meta http-equiv="Content-Type" content="text/html;charset=utf-8" />
  <meta name='ocr-system' content='tesseract 3.04.00' />
  <meta name='ocr-capabilities' content='ocr_page ocr_carea ocr_par ocr_line ocrx_word'/>
</head>
<body>
  <div class='ocr_page' id='page_1' title='image "./materialsforhis00herbgoog_0230.png"; bbox 0 0 3634 5800; ppageno 0'>
   <div class='ocr_carea' id='block_1_1' title="bbox 670 883 2785 972">
    <p class='ocr_par' dir='ltr' id='par_1_1' title="bbox 670 883 2785 972">
     <span class='ocr_line' id='line_1_1' title="bbox 670 883 2785 972; baseline -0.005 -18"><span class='ocrx_word' id='word_1_1' title='bbox 670 904 799 954; x_wconf 64' lang='grc' dir='ltr'><strong>ω).</strong></span> <span class='ocrx_word' id='word_1_2' title='bbox 836 885 1063 972; x_wconf 86' lang='grc'><strong>1170.]</strong></span> <span class='ocrx_word' id='word_1_3' title='bbox 1548 899 1902 949; x_wconf 71' lang='lat' dir='ltr'><strong>nmsmnAE.</strong></span> <span class='ocrx_word' id='word_1_4' title='bbox 2658 883 2785 947; x_wconf 85' lang='lat'><strong>205</strong></span> 
     </span>
    </p>
   </div>
   <div class='ocr_carea' id='block_1_2' title="bbox 671 1087 3133 4437">
    <p class='ocr_par' dir='ltr' id='par_1_2' title="bbox 671 1087 3133 4437">
     <span class='ocr_line' id='line_1_2' title="bbox 674 1087 2789 1173; baseline 0 -21"><span class='ocrx_word' id='word_1_5' title='bbox 674 1107 970 1165; x_wconf 77' lang='lat' dir='ltr'><strong>cesseraS,</strong></span> <span class='ocrx_word' id='word_1_6' title='bbox 1018 1093 1114 1165; x_wconf 81' lang='lat' dir='ltr'><strong>ut,</strong></span> <span class='ocrx_word' id='word_1_7' title='bbox 1181 1108 1300 1173; x_wconf 88' lang='lat' dir='ltr'><strong>pro</strong></span> <span class='ocrx_word' id='word_1_8' title='bbox 1345 1108 1566 1154; x_wconf 88' lang='lat' dir='ltr'><strong>amore</strong></span> <span class='ocrx_word' id='word_1_9' title='bbox 1627 1087 1756 1152; x_wconf 87' lang='lat' dir='ltr'><strong>Dei</strong></span> <span class='ocrx_word' id='word_1_10' title='bbox 1801 1092 1873 1153; x_wconf 91' lang='lat' dir='ltr'><strong>et</strong></span> <span class='ocrx_word' id='word_1_11' title='bbox 1916 1093 2146 1152; x_wconf 89' lang='lat' dir='ltr'><strong>nostro</strong></span> <span class='ocrx_word' id='word_1_12' title='bbox 2212 1107 2335 1152; x_wconf 87' lang='lat' dir='ltr'><strong>nec</strong></span> <span class='ocrx_word' id='word_1_13' title='bbox 2394 1107 2527 1152; x_wconf 89' lang='lat' dir='ltr'><strong>non</strong></span> <span class='ocrx_word' id='word_1_14' title='bbox 2574 1092 2643 1152; x_wconf 86' lang='lat' dir='ltr'><strong>et</strong></span> <span class='ocrx_word' id='word_1_15' title='bbox 2688 1107 2789 1152; x_wconf 85' lang='lat' dir='ltr'><strong>ec-</strong></span> 
     </span>
     <span class='ocr_line' id='line_1_3' title="bbox 673 1187 2790 1265; baseline 0 -13"><span class='ocrx_word' id='word_1_16' title='bbox 673 1187 886 1254; x_wconf 83' lang='lat' dir='ltr'><strong>clesiae</strong></span> <span class='ocrx_word' id='word_1_17' title='bbox 933 1189 1270 1265; x_wconf 83' lang='lat' dir='ltr'><strong>Romanae,</strong></span> <span class='ocrx_word' id='word_1_18' title='bbox 1315 1191 1400 1255; x_wconf 81' lang='lat' dir='ltr'><strong>ad</strong></span> <span class='ocrx_word' id='word_1_19' title='bbox 1447 1188 1786 1256; x_wconf 83' lang='lat' dir='ltr'><strong>ecclesiam</strong></span> <span class='ocrx_word' id='word_1_20' title='bbox 1850 1209 2039 1254; x_wconf 86' lang='lat' dir='ltr'><strong>suam</strong></span> <span class='ocrx_word' id='word_1_21' title='bbox 2105 1211 2333 1255; x_wconf 86' lang='lat' dir='ltr'><strong>secure</strong></span> <span class='ocrx_word' id='word_1_22' title='bbox 2396 1190 2673 1264; x_wconf 85' lang='lat' dir='ltr'><strong>veniret,</strong></span> <span class='ocrx_word' id='word_1_23' title='bbox 2720 1192 2790 1253; x_wconf 90' lang='lat' dir='ltr'><strong>et</strong></span> 
     </span>
     <span class='ocr_line' id='line_1_4' title="bbox 673 1289 2786 1378; baseline 0 -23"><span class='ocrx_word' id='word_1_24' title='bbox 673 1309 817 1355; x_wconf 86' lang='lat' dir='ltr'><strong>eam</strong></span> <span class='ocrx_word' id='word_1_25' title='bbox 864 1296 1066 1378; x_wconf 89' lang='lat' dir='ltr'><strong>atque</strong></span> <span class='ocrx_word' id='word_1_26' title='bbox 1111 1293 1552 1378; x_wconf 87' lang='lat' dir='ltr'><strong>possessiones</strong></span> <span class='ocrx_word' id='word_1_27' title='bbox 1597 1311 1753 1356; x_wconf 86' lang='lat' dir='ltr'><strong>suas</strong></span> <span class='ocrx_word' id='word_1_28' title='bbox 1799 1311 2046 1369; x_wconf 90' lang='lat' dir='ltr'><strong>omnes,</strong></span> <span class='ocrx_word' id='word_1_29' title='bbox 2094 1291 2271 1356; x_wconf 88' lang='lat' dir='ltr'><strong>sicut</strong></span> <span class='ocrx_word' id='word_1_30' title='bbox 2315 1289 2557 1356; x_wconf 89' lang='lat' dir='ltr'><strong>habuit</strong></span> <span class='ocrx_word' id='word_1_31' title='bbox 2602 1295 2786 1356; x_wconf 81' lang='lat' dir='ltr'><strong>ante-</strong></span> 
     </span>
     <span class='ocr_line' id='line_1_5' title="bbox 677 1392 2789 1480; baseline 0 -24"><span class='ocrx_word' id='word_1_32' title='bbox 677 1413 876 1478; x_wconf 91' lang='lat' dir='ltr'><strong>quam</strong></span> <span class='ocrx_word' id='word_1_33' title='bbox 946 1393 1160 1459; x_wconf 82' lang='lat' dir='ltr'><strong>exiret</strong></span> <span class='ocrx_word' id='word_1_34' title='bbox 1221 1394 1382 1458; x_wconf 91' lang='lat' dir='ltr'><strong>dum</strong></span> <span class='ocrx_word' id='word_1_35' title='bbox 1449 1395 1522 1457; x_wconf 89' lang='lat' dir='ltr'><strong>in</strong></span> <span class='ocrx_word' id='word_1_36' title='bbox 1592 1392 1812 1480; x_wconf 85' lang='lat' dir='ltr'><strong>gratia</strong></span> <span class='ocrx_word' id='word_1_37' title='bbox 1865 1402 1991 1458; x_wconf 85' lang='lat' dir='ltr'><strong>tua</strong></span> <span class='ocrx_word' id='word_1_38' title='bbox 2036 1398 2227 1470; x_wconf 86' lang='lat' dir='ltr'><strong>esset,</strong></span> <span class='ocrx_word' id='word_1_39' title='bbox 2280 1393 2349 1456; x_wconf 88' lang='lat' dir='ltr'><strong>in</strong></span> <span class='ocrx_word' id='word_1_40' title='bbox 2404 1411 2561 1480; x_wconf 84' lang='lat' dir='ltr'><strong>pace</strong></span> <span class='ocrx_word' id='word_1_41' title='bbox 2605 1397 2789 1456; x_wconf 88' lang='lat' dir='ltr'><strong>tene·</strong></span> 
     </span>
     <span class='ocr_line' id='line_1_6' title="bbox 675 1495 2784 1582; baseline -0.002 -22"><span class='ocrx_word' id='word_1_42' title='bbox 675 1499 780 1560; x_wconf 87' lang='lat' dir='ltr'><strong>ret</strong></span> <span class='ocrx_word' id='word_1_43' title='bbox 821 1501 1024 1582; x_wconf 86' lang='lat' dir='ltr'><strong>atque</strong></span> <span class='ocrx_word' id='word_1_44' title='bbox 1069 1495 1358 1574; x_wconf 87' lang='lat' dir='ltr'><strong>haberet,</strong></span> <span class='ocrx_word' id='word_1_45' title='bbox 1407 1501 1478 1560; x_wconf 91' lang='lat' dir='ltr'><strong>et</strong></span> <span class='ocrx_word' id='word_1_46' title='bbox 1523 1496 1626 1560; x_wconf 89' lang='lat' dir='ltr'><strong>sui</strong></span> <span class='ocrx_word' id='word_1_47' title='bbox 1667 1495 1981 1560; x_wconf 85' lang='lat' dir='ltr'><strong>similiter</strong></span> <span class='ocrx_word' id='word_1_48' title='bbox 2013 1497 2129 1581; x_wconf 90' lang='lat' dir='ltr'><strong>qui</strong></span> <span class='ocrx_word' id='word_1_49' title='bbox 2176 1516 2295 1580; x_wconf 90' lang='lat' dir='ltr'><strong>pro</strong></span> <span class='ocrx_word' id='word_1_50' title='bbox 2342 1515 2419 1560; x_wconf 90' lang='lat' dir='ltr'><strong>eo</strong></span> <span class='ocrx_word' id='word_1_51' title='bbox 2462 1495 2784 1559; x_wconf 79' lang='lat' dir='ltr'><strong>exierunt.</strong></span> 
     </span>
     <span class='ocr_line' id='line_1_7' title="bbox 678 1596 2783 1686; baseline -0 -25"><span class='ocrx_word' id='word_1_52' title='bbox 678 1596 874 1678; x_wconf 85' lang='lat' dir='ltr'><strong>Quod</strong></span> <span class='ocrx_word' id='word_1_53' title='bbox 918 1598 1242 1684; x_wconf 83' lang='lat' dir='ltr'><strong>siquidem</strong></span> <span class='ocrx_word' id='word_1_54' title='bbox 1283 1601 1550 1686; x_wconf 87' lang='lat' dir='ltr'><strong>gratum</strong></span> <span class='ocrx_word' id='word_1_55' title='bbox 1597 1597 1959 1685; x_wconf 86' lang='lat' dir='ltr'><strong>plurimum</strong></span> <span class='ocrx_word' id='word_1_56' title='bbox 2010 1603 2079 1664; x_wconf 88' lang='lat' dir='ltr'><strong>et</strong></span> <span class='ocrx_word' id='word_1_57' title='bbox 2124 1598 2396 1662; x_wconf 89' lang='lat' dir='ltr'><strong>omnino</strong></span> <span class='ocrx_word' id='word_1_58' title='bbox 2442 1603 2783 1683; x_wconf 84' lang='lat' dir='ltr'><strong>acceptum</strong></span> 
     </span>
     <span class='ocr_line' id='line_1_8' title="bbox 676 1698 2785 1786; baseline 0 -23"><span class='ocrx_word' id='word_1_59' title='bbox 676 1699 1010 1777; x_wconf 87' lang='lat' dir='ltr'><strong>habemus,</strong></span> <span class='ocrx_word' id='word_1_60' title='bbox 1059 1701 1141 1765; x_wconf 90' lang='lat' dir='ltr'><strong>de</strong></span> <span class='ocrx_word' id='word_1_61' title='bbox 1208 1699 1658 1766; x_wconf 78' lang='lat' dir='ltr'><strong>misericordia</strong></span> <span class='ocrx_word' id='word_1_62' title='bbox 1701 1698 1957 1766; x_wconf 81' lang='lat' dir='ltr'><strong>Christi</strong></span> <span class='ocrx_word' id='word_1_63' title='bbox 2026 1704 2369 1786; x_wconf 81' lang='lat' dir='ltr'><strong>sperantes</strong></span> <span class='ocrx_word' id='word_1_64' title='bbox 2433 1698 2611 1783; x_wconf 91' lang='lat' dir='ltr'><strong>quod</strong></span> <span class='ocrx_word' id='word_1_65' title='bbox 2672 1698 2785 1764; x_wconf 86' lang='lat' dir='ltr'><strong>ille</strong></span> 
     </span>
     <span class='ocr_line' id='line_1_9' title="bbox 674 1799 2785 1887; baseline 0 -23"><span class='ocrx_word' id='word_1_66' title='bbox 674 1801 790 1885; x_wconf 90' lang='lat' dir='ltr'><strong>qui</strong></span> <span class='ocrx_word' id='word_1_67' title='bbox 837 1801 1090 1887; x_wconf 90' lang='lat' dir='ltr'><strong>incepit</strong></span> <span class='ocrx_word' id='word_1_68' title='bbox 1132 1802 1258 1867; x_wconf 92' lang='lat' dir='ltr'><strong>hoc</strong></span> <span class='ocrx_word' id='word_1_69' title='bbox 1303 1801 1560 1866; x_wconf 89' lang='lat' dir='ltr'><strong>meliori</strong></span> <span class='ocrx_word' id='word_1_70' title='bbox 1581 1801 1738 1866; x_wconf 70' lang='lat' dir='ltr'><strong>fine</strong></span> <span class='ocrx_word' id='word_1_71' title='bbox 1784 1800 2154 1878; x_wconf 73' lang='lat' dir='ltr'><strong>concludet,</strong></span> <span class='ocrx_word' id='word_1_72' title='bbox 2198 1806 2267 1865; x_wconf 88' lang='lat' dir='ltr'><strong>et</strong></span> <span class='ocrx_word' id='word_1_73' title='bbox 2288 1799 2313 1838; x_wconf 87' lang='lat'>¹</span> <span class='ocrx_word' id='word_1_74' title='bbox 2361 1805 2429 1865; x_wconf 85' lang='lat' dir='ltr'><strong>te</strong></span> <span class='ocrx_word' id='word_1_75' title='bbox 2472 1800 2559 1866; x_wconf 91' lang='lat' dir='ltr'><strong>ad</strong></span> <span class='ocrx_word' id='word_1_76' title='bbox 2604 1799 2785 1864; x_wconf 86' lang='lat' dir='ltr'><strong>illius</strong></span> 
     </span>
     <span class='ocr_line' id='line_1_10' title="bbox 676 1901 2782 1988; baseline 0 -22"><span class='ocrx_word' id='word_1_77' title='bbox 676 1902 852 1988; x_wconf 91' lang='lat' dir='ltr'><strong>quod</strong></span> <span class='ocrx_word' id='word_1_78' title='bbox 899 1902 1085 1969; x_wconf 85' lang='lat' dir='ltr'><strong>deest</strong></span> <span class='ocrx_word' id='word_1_79' title='bbox 1130 1903 1765 1970; x_wconf 72' lang='lat' dir='ltr'><strong>consummationem</strong></span> <span class='ocrx_word' id='word_1_80' title='bbox 1811 1903 2101 1970; x_wconf 75' lang='lat' dir='ltr'><strong>inducet.</strong></span> <span class='ocrx_word' id='word_1_81' title='bbox 2200 1901 2425 1983; x_wconf 86' lang='lat' dir='ltr'><strong>Quare</strong></span> <span class='ocrx_word' id='word_1_82' title='bbox 2467 1901 2593 1968; x_wconf 88' lang='lat' dir='ltr'><strong>hoc</strong></span> <span class='ocrx_word' id='word_1_83' title='bbox 2639 1902 2782 1987; x_wconf 88' lang='lat' dir='ltr'><strong>ejus</strong></span> 
     </span>
     <span class='ocr_line' id='line_1_11' title="bbox 671 2003 2789 2092; baseline -0 -22"><span class='ocrx_word' id='word_1_84' title='bbox 671 2025 715 2070; x_wconf 86' lang='lat' dir='ltr'><strong>a</strong></span> <span class='ocrx_word' id='word_1_85' title='bbox 758 2025 890 2090; x_wconf 91' lang='lat' dir='ltr'><strong>quo</strong></span> <span class='ocrx_word' id='word_1_86' title='bbox 935 2005 1110 2070; x_wconf 89' lang='lat' dir='ltr'><strong>bona</strong></span> <span class='ocrx_word' id='word_1_87' title='bbox 1153 2011 1394 2071; x_wconf 86' lang='lat' dir='ltr'><strong>cuncta</strong></span> <span class='ocrx_word' id='word_1_88' title='bbox 1437 2005 1808 2092; x_wconf 90' lang='lat' dir='ltr'><strong>procedunt</strong></span> <span class='ocrx_word' id='word_1_89' title='bbox 1867 2005 2207 2069; x_wconf 86' lang='lat' dir='ltr'><strong>immensae</strong></span> <span class='ocrx_word' id='word_1_90' title='bbox 2251 2011 2320 2069; x_wconf 87' lang='lat' dir='ltr'><strong>et</strong></span> <span class='ocrx_word' id='word_1_91' title='bbox 2385 2003 2789 2092; x_wconf 86' lang='lat' dir='ltr'><strong>superabun-</strong></span> 
     </span>
     <span class='ocr_line' id='line_1_12' title="bbox 674 2105 2789 2193; baseline 0 -23"><span class='ocrx_word' id='word_1_92' title='bbox 674 2105 864 2171; x_wconf 85' lang='lat' dir='ltr'><strong>danti</strong></span> <span class='ocrx_word' id='word_1_93' title='bbox 908 2105 1274 2172; x_wconf 70' lang='lat' dir='ltr'><strong>clementiae</strong></span> <span class='ocrx_word' id='word_1_94' title='bbox 1304 2107 1755 2184; x_wconf 83' lang='lat' dir='ltr'><strong>adscribimus,</strong></span> <span class='ocrx_word' id='word_1_95' title='bbox 1787 2112 1858 2172; x_wconf 87' lang='lat' dir='ltr'><strong>et</strong></span> <span class='ocrx_word' id='word_1_96' title='bbox 1903 2105 2378 2172; x_wconf 80' lang='lat' dir='ltr'><strong>munificentiae</strong></span> <span class='ocrx_word' id='word_1_97' title='bbox 2422 2111 2561 2172; x_wconf 82' lang='lat' dir='ltr'><strong>tuae</strong></span> <span class='ocrx_word' id='word_1_98' title='bbox 2592 2128 2789 2193; x_wconf 89' lang='lat' dir='ltr'><strong>super</strong></span> 
     </span>
     <span class='ocr_line' id='line_1_13' title="bbox 674 2206 2786 2294; baseline 0.002 -24"><span class='ocrx_word' id='word_1_99' title='bbox 674 2207 798 2272; x_wconf 89' lang='lat' dir='ltr'><strong>hoc</strong></span> <span class='ocrx_word' id='word_1_100' title='bbox 841 2207 1244 2294; x_wconf 79' lang='lat' dir='ltr'><strong>multiplices</strong></span> <span class='ocrx_word' id='word_1_101' title='bbox 1296 2208 1667 2294; x_wconf 86' lang='lat' dir='ltr'><strong>gratiarum</strong></span> <span class='ocrx_word' id='word_1_102' title='bbox 1737 2206 2145 2273; x_wconf 80' lang='lat' dir='ltr'><strong>exsolvimus</strong></span> <span class='ocrx_word' id='word_1_103' title='bbox 2212 2207 2518 2273; x_wconf 77' lang='lat' dir='ltr'><strong>actiones.</strong></span> <span class='ocrx_word' id='word_1_104' title='bbox 2614 2207 2786 2274; x_wconf 85' lang='lat' dir='ltr'><strong>Cum</strong></span> 
     </span>
     <span class='ocr_line' id='line_1_14' title="bbox 673 2308 3133 2396; baseline 0.001 -22"><span class='ocrx_word' id='word_1_105' title='bbox 673 2313 898 2374; x_wconf 85' lang='lat' dir='ltr'><strong>autem</strong></span> <span class='ocrx_word' id='word_1_106' title='bbox 943 2310 1298 2396; x_wconf 78' lang='lat' dir='ltr'><strong>praedictos</strong></span> <span class='ocrx_word' id='word_1_107' title='bbox 1343 2310 1616 2375; x_wconf 88' lang='lat' dir='ltr'><strong>nuntios</strong></span> <span class='ocrx_word' id='word_1_108' title='bbox 1662 2310 1744 2375; x_wconf 89' lang='lat' dir='ltr'><strong>de</strong></span> <span class='ocrx_word' id='word_1_109' title='bbox 1792 2308 2011 2374; x_wconf 81' lang='lat' dir='ltr'><strong>forma</strong></span> <span class='ocrx_word' id='word_1_110' title='bbox 2056 2310 2451 2388; x_wconf 82' lang='lat' dir='ltr'><strong>securitatis,</strong></span> <span class='ocrx_word' id='word_1_111' title='bbox 2484 2316 2554 2377; x_wconf 88' lang='lat' dir='ltr'><strong>et</strong></span> <span class='ocrx_word' id='word_1_112' title='bbox 2598 2331 2787 2376; x_wconf 85' lang='lat' dir='ltr'><strong>max-</strong></span> <span class='ocrx_word' id='word_1_113' title='bbox 2814 2319 2924 2370; x_wconf 79' lang='lat' dir='ltr'><strong>The</strong></span> <span class='ocrx_word' id='word_1_114' title='bbox 2952 2319 3057 2370; x_wconf 77' lang='lat' dir='ltr'><strong>kiss</strong></span> <span class='ocrx_word' id='word_1_115' title='bbox 3072 2320 3133 2370; x_wconf 87' lang='lat' dir='ltr'><strong>of</strong></span> 
     </span>
     <span class='ocr_line' id='line_1_15' title="bbox 675 2400 2978 2496; baseline 0.003 -23"><span class='ocrx_word' id='word_1_116' title='bbox 675 2409 804 2474; x_wconf 91' lang='lat' dir='ltr'><strong>ime</strong></span> <span class='ocrx_word' id='word_1_117' title='bbox 851 2431 1050 2496; x_wconf 90' lang='lat' dir='ltr'><strong>super</strong></span> <span class='ocrx_word' id='word_1_118' title='bbox 1093 2409 1315 2476; x_wconf 85' lang='lat' dir='ltr'><strong>osculo</strong></span> <span class='ocrx_word' id='word_1_119' title='bbox 1362 2409 1755 2496; x_wconf 81' lang='lat' dir='ltr'><strong>praestandO,</strong></span> <span class='ocrx_word' id='word_1_120' title='bbox 1803 2431 1940 2475; x_wconf 90' lang='lat' dir='ltr'><strong>non</strong></span> <span class='ocrx_word' id='word_1_121' title='bbox 2004 2411 2337 2476; x_wconf 87' lang='lat' dir='ltr'><strong>modicum</strong></span> <span class='ocrx_word' id='word_1_122' title='bbox 2402 2411 2784 2479; x_wconf 86' lang='lat' dir='ltr'><strong>sollicitare·</strong></span> <span class='ocrx_word' id='word_1_123' title='bbox 2812 2400 2978 2449; x_wconf 70' lang='lat' dir='ltr'>90⁸oe-</span> 
     </span>
     <span class='ocr_line' id='line_1_16' title="bbox 676 2511 2785 2600; baseline 0.003 -24"><span class='ocrx_word' id='word_1_124' title='bbox 676 2533 841 2588; x_wconf 89' lang='lat' dir='ltr'><strong>mus,</strong></span> <span class='ocrx_word' id='word_1_125' title='bbox 885 2533 1274 2598; x_wconf 88' lang='lat' dir='ltr'><strong>responsum</strong></span> <span class='ocrx_word' id='word_1_126' title='bbox 1321 2511 1511 2577; x_wconf 89' lang='lat' dir='ltr'><strong>nobis</strong></span> <span class='ocrx_word' id='word_1_127' title='bbox 1576 2512 1922 2590; x_wconf 88' lang='lat' dir='ltr'><strong>dederunt,</strong></span> <span class='ocrx_word' id='word_1_128' title='bbox 1967 2513 2162 2598; x_wconf 89' lang='lat' dir='ltr'><strong>quod,</strong></span> <span class='ocrx_word' id='word_1_129' title='bbox 2208 2513 2505 2598; x_wconf 69' lang='lat' dir='ltr'><strong>graviter</strong></span> <span class='ocrx_word' id='word_1_130' title='bbox 2547 2535 2785 2600; x_wconf 87' lang='lat' dir='ltr'><strong>provo·</strong></span> 
     </span>
     <span class='ocr_line' id='line_1_17' title="bbox 677 2612 2786 2700; baseline 0.001 -20"><span class='ocrx_word' id='word_1_131' title='bbox 677 2618 880 2692; x_wconf 85' lang='lat' dir='ltr'><strong>catus,</strong></span> <span class='ocrx_word' id='word_1_132' title='bbox 913 2615 1298 2680; x_wconf 82' lang='lat' dir='ltr'><strong>firmaveras</strong></span> <span class='ocrx_word' id='word_1_133' title='bbox 1343 2619 1412 2678; x_wconf 87' lang='lat' dir='ltr'><strong>te</strong></span> <span class='ocrx_word' id='word_1_134' title='bbox 1457 2612 1814 2700; x_wconf 80' lang='lat' dir='ltr'><strong>praefatum</strong></span> <span class='ocrx_word' id='word_1_135' title='bbox 1853 2613 2417 2700; x_wconf 85' lang='lat' dir='ltr'><strong>archiepiscopum</strong></span> <span class='ocrx_word' id='word_1_136' title='bbox 2462 2616 2535 2680; x_wconf 91' lang='lat' dir='ltr'><strong>in</strong></span> <span class='ocrx_word' id='word_1_137' title='bbox 2564 2617 2786 2682; x_wconf 89' lang='lat' dir='ltr'><strong>osculo</strong></span> 
     </span>
     <span class='ocr_line' id='line_1_18' title="bbox 678 2713 2786 2803; baseline 0 -22"><span class='ocrx_word' id='word_1_138' title='bbox 678 2715 916 2801; x_wconf 86' lang='lat' dir='ltr'><strong>[pacis]</strong></span> <span class='ocrx_word' id='word_1_139' title='bbox 940 2713 966 2753; x_wconf 81' lang='lat'>²</span> <span class='ocrx_word' id='word_1_140' title='bbox 1010 2715 1394 2780; x_wconf 84' lang='lat' dir='ltr'><strong>nullatenus</strong></span> <span class='ocrx_word' id='word_1_141' title='bbox 1424 2720 1866 2801; x_wconf 88' lang='lat' dir='ltr'><strong>recepturum,</strong></span> <span class='ocrx_word' id='word_1_142' title='bbox 1894 2715 2003 2781; x_wconf 90' lang='lat' dir='ltr'><strong>cui</strong></span> <span class='ocrx_word' id='word_1_143' title='bbox 2050 2721 2273 2781; x_wconf 80' lang='lat' dir='ltr'><strong>tamen</strong></span> <span class='ocrx_word' id='word_1_144' title='bbox 2306 2717 2786 2803; x_wconf 84' lang='lat' dir='ltr'><strong>primogenitus</strong></span> 
     </span>
     <span class='ocr_line' id='line_1_19' title="bbox 674 2815 2783 2904; baseline 0.001 -24"><span class='ocrx_word' id='word_1_145' title='bbox 674 2815 858 2881; x_wconf 88' lang='lat' dir='ltr'><strong>filius</strong></span> <span class='ocrx_word' id='word_1_146' title='bbox 901 2821 1076 2893; x_wconf 87' lang='lat' dir='ltr'><strong>tuus,</strong></span> <span class='ocrx_word' id='word_1_147' title='bbox 1117 2837 1236 2904; x_wconf 92' lang='lat' dir='ltr'><strong>pro</strong></span> <span class='ocrx_word' id='word_1_148' title='bbox 1283 2837 1506 2881; x_wconf 82' lang='lat' dir='ltr'><strong>amore</strong></span> <span class='ocrx_word' id='word_1_149' title='bbox 1553 2815 1681 2882; x_wconf 88' lang='lat' dir='ltr'><strong>Dei</strong></span> <span class='ocrx_word' id='word_1_150' title='bbox 1727 2822 1796 2882; x_wconf 86' lang='lat' dir='ltr'><strong>et</strong></span> <span class='ocrx_word' id='word_1_151' title='bbox 1842 2823 2087 2894; x_wconf 88' lang='lat' dir='ltr'><strong>nostro,</strong></span> <span class='ocrx_word' id='word_1_152' title='bbox 2134 2817 2279 2883; x_wconf 87' lang='lat' dir='ltr'><strong>vice</strong></span> <span class='ocrx_word' id='word_1_153' title='bbox 2323 2823 2445 2886; x_wconf 90' lang='lat' dir='ltr'><strong>tua</strong></span> <span class='ocrx_word' id='word_1_154' title='bbox 2488 2819 2783 2885; x_wconf 86' lang='lat' dir='ltr'><strong>osculum</strong></span> 
     </span>
     <span class='ocr_line' id='line_1_20' title="bbox 674 2918 2787 3005; baseline 0.002 -21"><span class='ocrx_word' id='word_1_155' title='bbox 674 2918 1037 2985; x_wconf 85' lang='lat' dir='ltr'><strong>exhiberet.</strong></span> <span class='ocrx_word' id='word_1_156' title='bbox 1130 2918 1333 2985; x_wconf 88' lang='lat' dir='ltr'><strong>Unde</strong></span> <span class='ocrx_word' id='word_1_157' title='bbox 1388 2919 1702 3005; x_wconf 89' lang='lat' dir='ltr'><strong>quoniam</strong></span> <span class='ocrx_word' id='word_1_158' title='bbox 1747 2918 1919 2985; x_wconf 77' lang='lat' dir='ltr'><strong>alter</strong></span> <span class='ocrx_word' id='word_1_159' title='bbox 1946 2920 2337 2985; x_wconf 88' lang='lat' dir='ltr'><strong>nuntiorum</strong></span> <span class='ocrx_word' id='word_1_160' title='bbox 2390 2925 2787 2997; x_wconf 86' lang='lat' dir='ltr'><strong>nostrorum,</strong></span> 
     </span>
     <span class='ocr_line' id='line_1_21' title="bbox 678 3018 2785 3107; baseline 0.003 -21"><span class='ocrx_word' id='word_1_161' title='bbox 678 3020 996 3107; x_wconf 84' lang='lat' dir='ltr'><strong>magister</strong></span> <span class='ocrx_word' id='word_1_162' title='bbox 1061 3020 1394 3086; x_wconf 85' lang='lat' dir='ltr'><strong>Vivianus</strong></span> <span class='ocrx_word' id='word_1_163' title='bbox 1461 3018 1821 3097; x_wconf 61' lang='lat' dir='ltr'><strong>videlicet?</strong></span> <span class='ocrx_word' id='word_1_164' title='bbox 1870 3021 1956 3086; x_wconf 89' lang='lat' dir='ltr'><strong>ad</strong></span> <span class='ocrx_word' id='word_1_165' title='bbox 2008 3022 2429 3107; x_wconf 72' lang='lat' dir='ltr'><strong>praesentiam</strong></span> <span class='ocrx_word' id='word_1_166' title='bbox 2490 3029 2785 3091; x_wconf 84' lang='lat' dir='ltr'><strong>nostram</strong></span> 
     </span>
     <span class='ocr_line' id='line_1_22' title="bbox 679 3120 2785 3210; baseline 0.003 -23"><span class='ocrx_word' id='word_1_167' title='bbox 679 3142 1001 3198; x_wconf 85' lang='lat' dir='ltr'><strong>reversus,</strong></span> <span class='ocrx_word' id='word_1_168' title='bbox 1075 3122 1266 3188; x_wconf 90' lang='lat' dir='ltr'><strong>nobis</strong></span> <span class='ocrx_word' id='word_1_169' title='bbox 1343 3120 1734 3209; x_wconf 84' lang='lat' dir='ltr'><strong>diligentius</strong></span> <span class='ocrx_word' id='word_1_170' title='bbox 1801 3122 2147 3187; x_wconf 88' lang='lat' dir='ltr'><strong>intimavit</strong></span> <span class='ocrx_word' id='word_1_171' title='bbox 2192 3123 2370 3208; x_wconf 93' lang='lat' dir='ltr'><strong>quod</strong></span> <span class='ocrx_word' id='word_1_172' title='bbox 2438 3124 2785 3210; x_wconf 70' lang='lat' dir='ltr'><strong>praelibato</strong></span> 
     </span>
     <span class='ocr_line' id='line_1_23' title="bbox 675 3224 2784 3315; baseline 0.002 -24"><span class='ocrx_word' id='word_1_173' title='bbox 675 3225 1179 3313; x_wconf 78' lang='lat' dir='ltr'><strong>archiepiscopo,</strong></span> <span class='ocrx_word' id='word_1_174' title='bbox 1225 3226 1398 3290; x_wconf 85' lang='lat' dir='ltr'><strong>sicut</strong></span> <span class='ocrx_word' id='word_1_175' title='bbox 1444 3225 1517 3288; x_wconf 90' lang='lat' dir='ltr'><strong>in</strong></span> <span class='ocrx_word' id='word_1_176' title='bbox 1561 3224 1887 3311; x_wconf 90' lang='lat' dir='ltr'><strong>colloquio</strong></span> <span class='ocrx_word' id='word_1_177' title='bbox 1941 3226 2121 3310; x_wconf 86' lang='lat' dir='ltr'><strong>apud</strong></span> <span class='ocrx_word' id='word_1_178' title='bbox 2184 3225 2481 3292; x_wconf 84' lang='lat' dir='ltr'><strong>Montem</strong></span> <span class='ocrx_word' id='word_1_179' title='bbox 2530 3228 2784 3315; x_wconf 81' lang='lat' dir='ltr'><strong>Marty-</strong></span> 
     </span>
     <span class='ocr_line' id='line_1_24' title="bbox 677 3326 2785 3413; baseline 0.003 -23"><span class='ocrx_word' id='word_1_180' title='bbox 677 3347 828 3391; x_wconf 90' lang='lat' dir='ltr'><strong>rum</strong></span> <span class='ocrx_word' id='word_1_181' title='bbox 871 3326 1104 3391; x_wconf 86' lang='lat' dir='ltr'><strong>habito</strong></span> <span class='ocrx_word' id='word_1_182' title='bbox 1150 3326 1594 3403; x_wconf 83' lang='lat' dir='ltr'><strong>intellexerat,</strong></span> <span class='ocrx_word' id='word_1_183' title='bbox 1640 3326 1927 3413; x_wconf 86' lang='lat' dir='ltr'><strong>gratiam</strong></span> <span class='ocrx_word' id='word_1_184' title='bbox 1959 3332 2029 3391; x_wconf 90' lang='lat' dir='ltr'><strong>et</strong></span> <span class='ocrx_word' id='word_1_185' title='bbox 2074 3347 2361 3393; x_wconf 83' lang='lat' dir='ltr'><strong>amorem</strong></span> <span class='ocrx_word' id='word_1_186' title='bbox 2408 3334 2603 3395; x_wconf 91' lang='lat' dir='ltr'><strong>tuum</strong></span> <span class='ocrx_word' id='word_1_187' title='bbox 2632 3350 2785 3396; x_wconf 91' lang='lat' dir='ltr'><strong>con-</strong></span> 
     </span>
     <span class='ocr_line' id='line_1_25' title="bbox 683 3427 2787 3517; baseline 0 -21"><span class='ocrx_word' id='word_1_188' title='bbox 683 3427 990 3505; x_wconf 84' lang='lat' dir='ltr'><strong>cederes,⁴</strong></span> <span class='ocrx_word' id='word_1_189' title='bbox 1034 3434 1104 3493; x_wconf 90' lang='lat' dir='ltr'><strong>et</strong></span> <span class='ocrx_word' id='word_1_190' title='bbox 1148 3428 1368 3514; x_wconf 89' lang='lat' dir='ltr'><strong>ipsum</strong></span> <span class='ocrx_word' id='word_1_191' title='bbox 1414 3430 1853 3515; x_wconf 79' lang='lat' dir='ltr'><strong>possessiones</strong></span> <span class='ocrx_word' id='word_1_192' title='bbox 1900 3449 2071 3505; x_wconf 74' lang='lat' dir='ltr'><strong>suaS,</strong></span> <span class='ocrx_word' id='word_1_193' title='bbox 2118 3430 2291 3496; x_wconf 91' lang='lat' dir='ltr'><strong>sicut</strong></span> <span class='ocrx_word' id='word_1_194' title='bbox 2352 3431 2787 3517; x_wconf 71' lang='lat' dir='ltr'><strong>praedecessor</strong></span> 
     </span>
     <span class='ocr_line' id='line_1_26' title="bbox 681 3530 2785 3617; baseline 0.003 -22"><span class='ocrx_word' id='word_1_195' title='bbox 681 3531 824 3617; x_wconf 86' lang='lat' dir='ltr'><strong>ejus</strong></span> <span class='ocrx_word' id='word_1_196' title='bbox 853 3552 964 3596; x_wconf 85' lang='lat' dir='ltr'><strong>eas</strong></span> <span class='ocrx_word' id='word_1_197' title='bbox 1007 3552 1304 3616; x_wconf 85' lang='lat' dir='ltr'><strong>unquam</strong></span> <span class='ocrx_word' id='word_1_198' title='bbox 1351 3531 1590 3597; x_wconf 90' lang='lat' dir='ltr'><strong>melius</strong></span> <span class='ocrx_word' id='word_1_199' title='bbox 1634 3530 1992 3615; x_wconf 67' lang='lat' dir='ltr'><strong>habuerit,5</strong></span> <span class='ocrx_word' id='word_1_200' title='bbox 2022 3530 2273 3597; x_wconf 83' lang='lat' dir='ltr'><strong>faceres</strong></span> <span class='ocrx_word' id='word_1_201' title='bbox 2318 3532 2633 3611; x_wconf 88' lang='lat' dir='ltr'><strong>obtinere,</strong></span> <span class='ocrx_word' id='word_1_202' title='bbox 2666 3556 2785 3601; x_wconf 88' lang='lat' dir='ltr'><strong>nec</strong></span> 
     </span>
     <span class='ocr_line' id='line_1_27' title="bbox 679 3634 2785 3723; baseline 0.002 -23"><span class='ocrx_word' id='word_1_203' title='bbox 679 3655 814 3700; x_wconf 89' lang='lat' dir='ltr'><strong>non</strong></span> <span class='ocrx_word' id='word_1_204' title='bbox 858 3638 927 3699; x_wconf 90' lang='lat' dir='ltr'><strong>et</strong></span> <span class='ocrx_word' id='word_1_205' title='bbox 971 3634 1154 3699; x_wconf 88' lang='lat' dir='ltr'><strong>mille</strong></span> <span class='ocrx_word' id='word_1_206' title='bbox 1203 3654 1454 3699; x_wconf 83' lang='lat' dir='ltr'><strong>mareas</strong></span> <span class='ocrx_word' id='word_1_207' title='bbox 1499 3634 1560 3699; x_wconf 91' lang='lat' dir='ltr'><strong>ei</strong></span> <span class='ocrx_word' id='word_1_208' title='bbox 1607 3654 1726 3719; x_wconf 88' lang='lat' dir='ltr'><strong>pro</strong></span> <span class='ocrx_word' id='word_1_209' title='bbox 1785 3639 2112 3719; x_wconf 82' lang='lat' dir='ltr'><strong>apparatu</strong></span> <span class='ocrx_word' id='word_1_210' title='bbox 2159 3656 2279 3700; x_wconf 88' lang='lat' dir='ltr'><strong>suo</strong></span> <span class='ocrx_word' id='word_1_211' title='bbox 2343 3637 2429 3701; x_wconf 86' lang='lat' dir='ltr'><strong>ad</strong></span> <span class='ocrx_word' id='word_1_212' title='bbox 2500 3658 2785 3723; x_wconf 75' lang='lat' dir='ltr'><strong>praesens</strong></span> 
     </span>
     <span class='ocr_line' id='line_1_28' title="bbox 679 3734 2783 3821; baseline 0.002 -20"><span class='ocrx_word' id='word_1_213' title='bbox 679 3735 1022 3811; x_wconf 80' lang='lat' dir='ltr'><strong>conferres,</strong></span> <span class='ocrx_word' id='word_1_214' title='bbox 1067 3756 1204 3811; x_wconf 60' lang='lat' dir='ltr'><strong>noa,</strong></span> <span class='ocrx_word' id='word_1_215' title='bbox 1251 3735 1334 3800; x_wconf 89' lang='lat' dir='ltr'><strong>de</strong></span> <span class='ocrx_word' id='word_1_216' title='bbox 1380 3735 1580 3821; x_wconf 84' lang='lat' dir='ltr'><strong>regiae</strong></span> <span class='ocrx_word' id='word_1_217' title='bbox 1641 3734 2053 3801; x_wconf 87' lang='lat' dir='ltr'><strong>celsitudinis</strong></span> <span class='ocrx_word' id='word_1_218' title='bbox 2100 3736 2451 3803; x_wconf 86' lang='lat' dir='ltr'><strong>clementia</strong></span> <span class='ocrx_word' id='word_1_219' title='bbox 2514 3742 2783 3805; x_wconf 90' lang='lat' dir='ltr'><strong>omnino</strong></span> 
     </span>
     <span class='ocr_line' id='line_1_29' title="bbox 679 3834 2783 3923; baseline 0.002 -20"><span class='ocrx_word' id='word_1_220' title='bbox 679 3838 926 3915; x_wconf 88' lang='lat' dir='ltr'><strong>confisi,</strong></span> <span class='ocrx_word' id='word_1_221' title='bbox 972 3838 1054 3902; x_wconf 87' lang='lat' dir='ltr'><strong>de</strong></span> <span class='ocrx_word' id='word_1_222' title='bbox 1117 3836 1337 3902; x_wconf 89' lang='lat' dir='ltr'><strong>osculo</strong></span> <span class='ocrx_word' id='word_1_223' title='bbox 1383 3835 1511 3901; x_wconf 91' lang='lat' dir='ltr'><strong>sibi</strong></span> <span class='ocrx_word' id='word_1_224' title='bbox 1529 3834 1557 3873; x_wconf 78' lang='lat'><strong>⁶</strong></span> <span class='ocrx_word' id='word_1_225' title='bbox 1617 3838 1994 3921; x_wconf 86' lang='lat' dir='ltr'><strong>praestando</strong></span> <span class='ocrx_word' id='word_1_226' title='bbox 2058 3859 2279 3923; x_wconf 86' lang='lat' dir='ltr'><strong>preces</strong></span> <span class='ocrx_word' id='word_1_227' title='bbox 2344 3844 2415 3904; x_wconf 85' lang='lat' dir='ltr'><strong>et</strong></span> <span class='ocrx_word' id='word_1_228' title='bbox 2476 3840 2783 3908; x_wconf 82' lang='lat' dir='ltr'><strong>exhorta-</strong></span> 
     </span>
     <span class='ocr_line' id='line_1_30' title="bbox 677 3936 2785 4025; baseline 0.003 -23"><span class='ocrx_word' id='word_1_229' title='bbox 677 3938 894 4004; x_wconf 89' lang='lat' dir='ltr'><strong>tiones</strong></span> <span class='ocrx_word' id='word_1_230' title='bbox 938 3943 1200 4003; x_wconf 85' lang='lat' dir='ltr'><strong>nostras</strong></span> <span class='ocrx_word' id='word_1_231' title='bbox 1260 3937 1441 4022; x_wconf 86' lang='lat' dir='ltr'><strong>apud</strong></span> <span class='ocrx_word' id='word_1_232' title='bbox 1508 3936 1969 4003; x_wconf 80' lang='lat' dir='ltr'><strong>excellentiam</strong></span> <span class='ocrx_word' id='word_1_233' title='bbox 2036 3944 2239 4015; x_wconf 86' lang='lat' dir='ltr'><strong>tuam,</strong></span> <span class='ocrx_word' id='word_1_234' title='bbox 2282 3943 2785 4025; x_wconf 74' lang='lat' dir='ltr'><strong>praenominatis</strong></span> 
     </span>
     <span class='ocr_line' id='line_1_31' title="bbox 679 4038 2784 4124; baseline 0.002 -19"><span class='ocrx_word' id='word_1_235' title='bbox 679 4040 936 4105; x_wconf 87' lang='lat' dir='ltr'><strong>nuntiis</strong></span> <span class='ocrx_word' id='word_1_236' title='bbox 1000 4040 1138 4104; x_wconf 86' lang='lat' dir='ltr'><strong>tuis</strong></span> <span class='ocrx_word' id='word_1_237' title='bbox 1207 4038 1358 4124; x_wconf 88' lang='lat' dir='ltr'><strong>plus</strong></span> <span class='ocrx_word' id='word_1_238' title='bbox 1428 4040 1614 4124; x_wconf 88' lang='lat' dir='ltr'><strong>justo</strong></span> <span class='ocrx_word' id='word_1_239' title='bbox 1678 4038 1881 4104; x_wconf 85' lang='lat' dir='ltr'><strong>etiam</strong></span> <span class='ocrx_word' id='word_1_240' title='bbox 1946 4040 2407 4120; x_wconf 86' lang='lat' dir='ltr'><strong>renitentibus,</strong></span> <span class='ocrx_word' id='word_1_241' title='bbox 2472 4043 2784 4109; x_wconf 84' lang='lat' dir='ltr'><strong>duximus</strong></span> 
     </span>
     <span class='ocr_line' id='line_1_32' title="bbox 678 4140 2787 4232; baseline 0.003 -27"><span class='ocrx_word' id='word_1_242' title='bbox 678 4142 1207 4229; x_wconf 79' lang='lat' dir='ltr'><strong>interponendas,</strong></span> <span class='ocrx_word' id='word_1_243' title='bbox 1301 4141 1390 4207; x_wconf 89' lang='lat' dir='ltr'><strong>Et</strong></span> <span class='ocrx_word' id='word_1_244' title='bbox 1452 4140 1764 4226; x_wconf 86' lang='lat' dir='ltr'><strong>quoniam</strong></span> <span class='ocrx_word' id='word_1_245' title='bbox 1834 4140 2031 4227; x_wconf 85' lang='lat' dir='ltr'><strong>regiae</strong></span> <span class='ocrx_word' id='word_1_246' title='bbox 2102 4143 2411 4229; x_wconf 79' lang='lat' dir='ltr'><strong>congruit</strong></span> <span class='ocrx_word' id='word_1_247' title='bbox 2471 4144 2787 4232; x_wconf 82' lang='lat' dir='ltr'><strong>dignitati</strong></span> 
     </span>
     <span class='ocr_line' id='line_1_33' title="bbox 681 4245 2788 4336; baseline 0 -24"><span class='ocrx_word' id='word_1_248' title='bbox 681 4253 750 4312; x_wconf 94' lang='lat' dir='ltr'><strong>et</strong></span> <span class='ocrx_word' id='word_1_249' title='bbox 792 4245 1045 4321; x_wconf 88' lang='lat' dir='ltr'><strong>honori,</strong></span> <span class='ocrx_word' id='word_1_250' title='bbox 1091 4250 1295 4330; x_wconf 87' lang='lat' dir='ltr'><strong>atque</strong></span> <span class='ocrx_word' id='word_1_251' title='bbox 1359 4245 1562 4309; x_wconf 89' lang='lat' dir='ltr'><strong>saluti</strong></span> <span class='ocrx_word' id='word_1_252' title='bbox 1625 4250 1762 4309; x_wconf 85' lang='lat' dir='ltr'><strong>tuae</strong></span> <span class='ocrx_word' id='word_1_253' title='bbox 1807 4245 2103 4309; x_wconf 87' lang='lat' dir='ltr'><strong>noscitur</strong></span> <span class='ocrx_word' id='word_1_254' title='bbox 2165 4245 2525 4331; x_wconf 89' lang='lat' dir='ltr'><strong>plurimum</strong></span> <span class='ocrx_word' id='word_1_255' title='bbox 2589 4271 2788 4336; x_wconf 83' lang='lat' dir='ltr'><strong>expe-</strong></span> 
     </span>
     <span class='ocr_line' id='line_1_34' title="bbox 681 4343 2784 4437; baseline 0 -24"><span class='ocrx_word' id='word_1_256' title='bbox 681 4347 841 4424; x_wconf 88' lang='lat' dir='ltr'><strong>dire,</strong></span> <span class='ocrx_word' id='word_1_257' title='bbox 889 4351 968 4410; x_wconf 86' lang='lat' dir='ltr'><strong>ut</strong></span> <span class='ocrx_word' id='word_1_258' title='bbox 1013 4346 1192 4432; x_wconf 88' lang='lat' dir='ltr'><strong>quod</strong></span> <span class='ocrx_word' id='word_1_259' title='bbox 1238 4346 1420 4411; x_wconf 90' lang='lat' dir='ltr'><strong>cordi</strong></span> <span class='ocrx_word' id='word_1_260' title='bbox 1466 4349 1586 4409; x_wconf 90' lang='lat' dir='ltr'><strong>tuo</strong></span> <span class='ocrx_word' id='word_1_261' title='bbox 1631 4365 1829 4429; x_wconf 89' lang='lat' dir='ltr'><strong>super</strong></span> <span class='ocrx_word' id='word_1_262' title='bbox 1874 4343 1979 4409; x_wconf 89' lang='lat' dir='ltr'><strong>his</strong></span> <span class='ocrx_word' id='word_1_263' title='bbox 2025 4351 2129 4409; x_wconf 88' lang='lat' dir='ltr'><strong>est</strong></span> <span class='ocrx_word' id='word_1_264' title='bbox 2173 4346 2521 4413; x_wconf 87' lang='lat' dir='ltr'><strong>Divinitus</strong></span> <span class='ocrx_word' id='word_1_265' title='bbox 2579 4350 2784 4437; x_wconf 91' lang='lat' dir='ltr'><strong>inspi-</strong></span> 
     </span>
    </p>
   </div>
   <div class='ocr_carea' id='block_1_3' title="bbox 746 4545 2785 4842">
    <p class='ocr_par' dir='ltr' id='par_1_3' title="bbox 746 4545 2785 4694">
     <span class='ocr_line' id='line_1_35' title="bbox 751 4545 2785 4612; baseline 0.001 -13"><span class='ocrx_word' id='word_1_266' title='bbox 751 4550 766 4583; x_wconf 82' lang='lat'>¹</span> <span class='ocrx_word' id='word_1_267' title='bbox 799 4549 969 4612; x_wconf 73' lang='lat' dir='ltr'><strong>a,in·.</strong></span> <span class='ocrx_word' id='word_1_268' title='bbox 995 4551 1054 4599; x_wconf 88' lang='lat' dir='ltr'><strong>L.</strong></span> <span class='ocrx_word' id='word_1_269' title='bbox 1850 4547 1871 4577; x_wconf 77' lang='lat'><strong>⁶</strong></span> <span class='ocrx_word' id='word_1_270' title='bbox 1906 4545 2158 4608; x_wconf 75' lang='lat' dir='ltr'><strong>habuerit,</strong></span> <span class='ocrx_word' id='word_1_271' title='bbox 2185 4550 2260 4608; x_wconf 79' lang='lat' dir='ltr'><strong>Z3</strong></span> <span class='ocrx_word' id='word_1_272' title='bbox 2296 4549 2493 4611; x_wconf 74' lang='lat' dir='ltr'><strong>habuit,</strong></span> <span class='ocrx_word' id='word_1_273' title='bbox 2516 4551 2591 4611; x_wconf 68' lang='lat'><strong>03</strong></span> <span class='ocrx_word' id='word_1_274' title='bbox 2630 4552 2785 4603; x_wconf 74' lang='lat' dir='ltr'><strong>habu-</strong></span> 
     </span>
     <span class='ocr_line' id='line_1_36' title="bbox 746 4626 1991 4694; baseline -0.002 -17"><span class='ocrx_word' id='word_1_275' title='bbox 746 4628 768 4661; x_wconf 79' lang='lat'><em>2</em></span> <span class='ocrx_word' id='word_1_276' title='bbox 795 4629 965 4694; x_wconf 79' lang='lat' dir='ltr'><strong>pacis,</strong></span> <span class='ocrx_word' id='word_1_277' title='bbox 987 4642 1086 4677; x_wconf 85' lang='lat' dir='ltr'><strong>om.</strong></span> <span class='ocrx_word' id='word_1_278' title='bbox 1113 4627 1183 4685; x_wconf 92' lang='lat' dir='ltr'><strong>A,</strong></span> <span class='ocrx_word' id='word_1_279' title='bbox 1208 4627 1274 4687; x_wconf 92' lang='grc' dir='ltr'><strong>Ο,</strong></span> <span class='ocrx_word' id='word_1_280' title='bbox 1300 4626 1358 4676; x_wconf 90' lang='grc' dir='ltr'><strong>Ζ.</strong></span> <span class='ocrx_word' id='word_1_281' title='bbox 1780 4632 1911 4686; x_wconf 74' lang='lat' dir='ltr'><strong>erat,</strong></span> <span class='ocrx_word' id='word_1_282' title='bbox 1931 4626 1991 4675; x_wconf 90' lang='lat' dir='ltr'><strong>L.</strong></span> 
     </span>
    </p>

    <p class='ocr_par' dir='ltr' id='par_1_4' title="bbox 747 4700 2101 4766">
     <span class='ocr_line' id='line_1_37' title="bbox 747 4700 2101 4766; baseline 0.001 -11"><span class='ocrx_word' id='word_1_283' title='bbox 747 4707 770 4739; x_wconf 77' lang='lat'><strong>³</strong></span> <span class='ocrx_word' id='word_1_284' title='bbox 803 4703 1046 4765; x_wconf 71' lang='lat' dir='ltr'><strong>videlicet,</strong></span> <span class='ocrx_word' id='word_1_285' title='bbox 1081 4706 1146 4763; x_wconf 80' lang='lat' dir='ltr'><strong>A,</strong></span> <span class='ocrx_word' id='word_1_286' title='bbox 1179 4703 1248 4765; x_wconf 86' lang='grc' dir='ltr'><strong>Ο,</strong></span> <span class='ocrx_word' id='word_1_287' title='bbox 1270 4704 1356 4763; x_wconf 84' lang='lat' dir='ltr'><strong>V;</strong></span> <span class='ocrx_word' id='word_1_288' title='bbox 1392 4702 1598 4763; x_wconf 71' lang='lat' dir='ltr'><strong>scilicet,</strong></span> <span class='ocrx_word' id='word_1_289' title='bbox 1621 4700 1688 4751; x_wconf 88' lang='lat' dir='ltr'><strong>L.</strong></span> <span class='ocrx_word' id='word_1_290' title='bbox 1849 4702 1871 4734; x_wconf 79' lang='lat'><strong>⁶</strong></span> <span class='ocrx_word' id='word_1_291' title='bbox 1908 4703 2017 4766; x_wconf 73' lang='lat' dir='ltr'><strong>tibi,</strong></span> <span class='ocrx_word' id='word_1_292' title='bbox 2040 4706 2101 4756; x_wconf 90' lang='lat' dir='ltr'><strong>L.</strong></span> 
     </span>
    </p>

    <p class='ocr_par' dir='ltr' id='par_1_5' title="bbox 747 4781 1179 4842">
     <span class='ocr_line' id='line_1_38' title="bbox 747 4781 1179 4842; baseline -0.005 -8"><span class='ocrx_word' id='word_1_293' title='bbox 747 4784 768 4813; x_wconf 91' lang='lat'><strong>⁴</strong></span> <span class='ocrx_word' id='word_1_294' title='bbox 803 4781 1088 4842; x_wconf 73' lang='lat' dir='ltr'><strong>concedens,</strong></span> <span class='ocrx_word' id='word_1_295' title='bbox 1113 4782 1179 4832; x_wconf 83' lang='lat' dir='ltr'><strong>L.</strong></span> 
     </span>
    </p>
   </div>
  </div>
 </body>
</html>
