3634 5800
605 922 734 975 Aa).
773 906 992 991 1169]
1475 920 1837 970 EPISTOLAE.
2588 902 2715 966 143

609 1110 836 1177 mitias
881 1132 1045 1196 quas
1090 1100 1208 1196 pro
1274 1114 1570 1195 tempore
1635 1109 1977 1194 potuimus
2022 1108 2433 1177 excellentiae
2478 1113 2719 1173 vestrae

613 1234 826 1298 nuper
868 1211 1252 1289 obtulimuS,
1297 1232 1524 1299 preces
1594 1215 1846 1275 vestras
1908 1210 2090 1296 apud
2134 1232 2354 1297 regem
2400 1210 2721 1275 Christia-

609 1314 957 1380 nissimum
1022 1319 1508 1400 promoventeS,
1576 1311 1749 1377 sicut
1811 1313 2215 1399 perpendere
2290 1313 2568 1399 potestis
2637 1334 2719 1377 ex

610 1416 910 1503 precibus
956 1416 1101 1501 ejus
1168 1413 1414 1479 dilecto
1480 1418 1708 1478 nostro
1771 1414 2017 1479 illustri
2082 1414 2223 1499 regi
2285 1414 2527 1480 Siciliae
2570 1434 2723 1499 por-

609 1517 849 1595 rectiS,1
895 1522 964 1583 et
1009 1539 1094 1581 ex
1139 1515 1359 1582 verbis
1404 1516 1806 1581 venerabilis
1853 1517 1983 1580 viri
2010 1515 2034 1555 ²
2077 1516 2313 1604 prioris
2361 1516 2723 1607 Crispinia-

610 1620 838 1697 censis,
885 1641 1081 1707 quem
1127 1625 1196 1685 et
1241 1618 1530 1685 eruditio
1575 1618 1967 1697 litterarum,
2016 1624 2086 1685 et
2130 1618 2291 1684 vitae
2338 1615 2725 1696 sinceritas,3

613 1727 682 1787 et
726 1722 1078 1809 integritas
1123 1721 1323 1786 famae
1388 1720 1578 1786 bonis
1642 1720 1953 1785 omnibus
2016 1721 2369 1787 amabilem
2436 1728 2507 1787 et
2550 1743 2725 1788 com-

611 1823 1056 1889 mendabilem
1149 1823 1457 1889 reddunt.
1581 1822 1706 1887 Est
1781 1823 1963 1888 enim
2039 1823 2148 1888 vir
2238 1824 2723 1909 probatissimae

611 1924 1147 2003 conversationis,
1191 1947 1372 1991 sanae
1437 1925 1780 2002 doctrinae,
1826 1932 1896 1991 et
1941 1926 2307 2012 (quantum
2353 1926 2440 1992 ad
2488 1926 2723 1993 huma-

617 2050 778 2092 num
810 2032 1070 2115 spectat
1100 2028 1409 2111 examen)
1441 2027 1753 2115 perfectae
1797 2049 1918 2113 pro
1936 2028 1963 2067 ⁴
2007 2034 2300 2115 tempore
2333 2030 2725 2105 sanctitatis,

615 2150 811 2216 quem
857 2134 1051 2196 tanta
1124 2130 1498 2196 reverentia
1559 2150 1600 2195 a
1668 2129 2083 2195 sublimitate
2128 2135 2353 2197 vestra
2399 2132 2726 2198 desidera-

617 2254 764 2297 mus
809 2237 880 2297 et
923 2232 1212 2317 petimus
1257 2230 1580 2309 exaudiri,
1630 2237 1885 2316 quanta
1908 2231 1933 2270 ⁵
1993 2237 2205 2298 totam
2253 2232 2725 2298 occidentalem

619 2334 973 2414 eeclesiam,
1021 2335 1080 2398 si
1126 2332 1366 2399 vestris
1441 2330 1722 2420 pedibus
1791 2334 2146 2411 assisteret,
2212 2334 2547 2401 audiretis
2640 2334 2731 2400 Et

621 2437 746 2502 hoc
793 2434 1065 2521 quidem
1114 2440 1262 2500 tum
1307 2456 1429 2521 pro
1474 2456 1610 2500 suae
1657 2456 1955 2521 personae
2001 2436 2390 2515 reverentia,
2434 2441 2579 2502 tum
2610 2458 2730 2523 pro

623 2539 859 2603 merito
913 2542 984 2603 et
1049 2536 1449 2603 auctoritate
1498 2528 1955 2603 Cluniacensis
2002 2538 2307 2616 ecclesiae,
2352 2540 2539 2626 cujus
2581 2561 2733 2626 pro-

623 2646 812 2705 curat
855 2640 1319 2718 necessitates3
1381 2660 1530 2725 quae
1595 2640 1666 2703 in
1730 2639 1887 2705 orbe
1934 2640 2175 2705 Latino
2222 2640 2648 2727 dignoscitur,
2694 2663 2735 2708 a

625 2742 860 2808 diebus
889 2746 1178 2828 patrum
1241 2746 1633 2817 nostrorum,
1683 2742 1755 2805 in
1820 2743 2185 2807 monastica
2227 2743 2541 2830 religione
2588 2766 2735 2830 per-

625 2843 928 2910 fectionis
961 2844 1239 2931 gloriam
1283 2844 1474 2930 quasi
1519 2844 1852 2931 propriam
1900 2844 2277 2931 possedisse,
2354 2845 2437 2911 In
2482 2846 2734 2912 caeteris

628 2967 774 3031 quae
819 2946 1008 3011 vobis
1040 2968 1123 3011 ex
1171 2951 1360 3031 parte
1391 2951 1620 3012 nostra
1665 2946 1931 3026 dixerit,
1977 2948 2055 3024 ei,
2088 2948 2147 3012 si
2190 2948 2422 3035 placet,
2454 2949 2737 3015 credatis

629 3053 708 3112 ut
753 3047 946 3112 nobis
1035 3047 1285 3112 Valete.

1531 3449 1843 3517 DXCVI.

633 3600 923 3664 THOMAs
949 3601 1514 3666 CANTUARIENSIS
1538 3617 2123 3670 Ancmsmscorns
2169 3606 2507 3674 chARDo'
2526 3612 2745 3678 SYRA-

1164 3719 1458 3768 CUSANAE
1505 3720 1855 3769 ECCLESIAE
1908 3707 2213 3774 ELECTO.⁰

823 3853 910 3915 (Z.
935 3851 968 3901 i.
993 3857 1052 3903 54
1076 3874 1089 3913 3
1125 3852 1189 3904 Ο.
1213 3853 1266 3902 ii.
1295 3856 1420 3912 1783
1457 3855 1524 3904 A.
1555 3857 1677 3916 1723
1717 3856 1849 3919 Lup.
1876 3855 1909 3906 i.
1938 3861 2036 3917 583
2072 3859 2253 3910 Thom.
2280 3863 2376 3926 Ep.
2401 3867 2539 3925 150.)

729 3981 1134 4046 Humanitas
1202 3988 1422 4048 vestra
1486 4004 1608 4049 nos
1671 3994 1988 4071 provocat
2054 3991 2141 4054 ad
2203 3993 2636 4072 audendum‚⁷
2681 4003 2751 4062 et

642 4085 890 4148 nostris
957 4083 1196 4149 collata
1271 4085 1728 4152 beneficiorum
1809 4090 2138 4156 exhibitio
2210 4115 2331 4158 nos
2428 4097 2617 4162 vobis
2683 4104 2753 4164 et

645 4185 886 4249 vestris
956 4185 1418 4272 multipliciter
1480 4188 1703 4254 reddit
1765 4190 2102 4258 obnoxios.
2196 4193 2345 4260 Hoc
2390 4217 2545 4283 ergo
2614 4199 2754 4265 offi-

711 4414 726 4447 ¹
755 4417 986 4480 poleam,
1010 4413 1072 4467 Ο.
1750 4418 1861 4470 The
1906 4419 2217 4486 arehbishop
2261 4424 2323 4474 of
2358 4425 2609 4490 Syracuse
2648 4445 2755 4482 vas

709 4493 731 4526 2
763 4493 884 4556 viri,
908 4493 979 4553 A,
1000 4493 1076 4555 Z;
1111 4508 1211 4543 om.
1237 4494 1299 4545 L.
1748 4497 1812 4546 R.
1836 4497 2075 4548 Palmieri
2098 4515 2159 4550 or
2181 4501 2406 4567 Palmer,
2426 4519 2492 4553 an
2516 4505 2757 4574 English-

708 4571 728 4603 ³
762 4571 1089 4630 sinceritatis,
1111 4571 1182 4622 V.
1748 4590 1885 4638 man.

709 4651 729 4683 ⁴
762 4667 877 4716 pro,
899 4651 966 4712 A,
989 4651 1068 4710 L3
1103 4666 1203 4702 om.
1229 4653 1294 4705 Ο.
1820 4653 1841 4690 7
1872 4653 2189 4718 audiendum,
2222 4659 2289 4719 Ο,
2324 4663 2391 4710 Λ.
2461 4661 2531 4712 So
2569 4663 2625 4724 Z,
2666 4668 2757 4718 but

709 4731 731 4762 ⁸
771 4737 1033 4792 quantam,
1057 4732 1126 4782 A.
1751 4731 1875 4783 with
1898 4733 1977 4783 vel
1998 4733 2278 4787 audendum
2302 4739 2590 4792 interlined.

715 4806 737 4840 ⁶
771 4807 944 4869 electo,
986 4807 1050 4868 O,
1087 4809 1160 4872 V,
1199 4811 1246 4860 A
1268 4831 1282 4872 ;
1336 4809 1534 4873 clerico,
1580 4811 1648 4862 L.

2778 4010 2994 4060 Thauks

2776 4079 2879 4127 and
2896 4091 3091 4126 recom-

2777 4142 3067 4194 mendation

2780 4225 2837 4260 as
2860 4209 2913 4260 in
2932 4210 3061 4274 Epp.

2778 4280 2896 4338 494,
2919 4280 3036 4325 495.
