3634 5800
817 853 943 918 166
1695 869 2053 919 EPISTOLAE.
2544 856 2699 940 [Am.
2738 853 2925 920 1169.

817 1059 1110 1120 nostram
1158 1055 1580 1142 projicientes
1627 1058 1698 1120 in
1747 1057 1923 1120 Eum
1970 1059 2086 1142 qui
2130 1078 2267 1121 non
2313 1056 2561 1122 deserit
2591 1058 2931 1142 sperantes

820 1157 890 1220 in
937 1179 1021 1234 se,
1071 1163 1139 1222 et
1184 1157 1557 1223 dilectionis
1603 1164 1846 1222 vestrae
1892 1158 2205 1222 solatium
2252 1157 2732 1242 praestolantes,

486 1253 679 1372 ἓξὲξ
699 1336 733 1370 a
912 1259 1058 1324 Rex
1101 1266 1326 1324 autem
1373 1259 1634 1345 Angliae
1652 1257 1674 1296 ¹
1723 1259 1808 1324 ad
1856 1260 2251 1345 magistrum
2310 1258 2673 1323 Vivianum
2704 1262 2933 1343 postea

488 1393 707 1452 present.
821 1363 1134 1427 nuntium
1183 1362 1368 1426 misit.
1431 1368 1500 1426 et
1543 1360 1787 1446 viginti
1854 1382 2121 1438 marcas,
2166 1365 2247 1424 ut
2292 1360 2502 1437 aiunt,
2550 1380 2787 1446 rogans
2853 1363 2933 1422 ut

824 1485 893 1528 se
937 1465 1180 1528 iterum
1248 1464 1725 1529 intromitteret
1772 1464 1851 1527 de
1914 1484 2072 1549 pace
2117 1463 2549 1528 reformanda.
2642 1461 2775 1526 Sed
2819 1460 2932 1525 ille

827 1566 1028 1650 (sicut
1096 1587 1214 1651 pro
1259 1569 1438 1631 certo
1507 1565 1907 1651 accepimus)
1977 1571 2045 1629 et
2108 1565 2459 1650 pecuniam
2530 1563 2801 1650 respuit,
2864 1567 2935 1626 et

827 1668 1166 1754 respondit
1211 1668 1270 1733 ei
1337 1668 1579 1733 litteris
1648 1690 1928 1754 quarum
2001 1667 2341 1733 dilectioni
2410 1673 2650 1732 vestrae
2715 1686 2933 1730 exem-

829 1769 1014 1856 plum
1059 1770 1406 1834 mittimus„
1502 1769 1568 1833 N
1571 1791 1645 1835 ec
1721 1776 1822 1834 est
1853 1769 2031 1855 quod
2079 1771 2297 1854 ipsum
2354 1769 2441 1833 ad
2492 1788 2721 1854 pacem
2782 1771 2932 1830 tan-

829 1878 1055 1958 topere
1073 1868 1098 1908 2
1164 1877 1420 1958 urgeat,
1467 1877 1795 1956 quantum
1865 1876 2084 1937 metus
2152 1871 2263 1935 ille
2332 1892 2527 1956 quem
2575 1870 2657 1934 de
2712 1873 2937 1933 vestra

829 1980 899 2039 et
943 1974 1195 2039 domini
1243 1973 1547 2039 Gratiani
1593 1973 1995 2059 profectione
2041 1974 2377 2058 concepit3
2420 1993 2542 2038 nec
2572 1971 2934 2037 Vivianum

831 2081 1057 2162 captat
1103 2075 1188 2140 ob
1247 2075 1431 2140 aliud
1477 2075 1607 2139 nisi
1663 2081 1742 2140 ut
1787 2081 2043 2140 vestras
2090 2081 2158 2140 et
2206 2074 2511 2140 Gratiani
2575 2092 2709 2138 non
2770 2073 2935 2136 inci-

495 2179 716 2260 ‚Hfflfy’ss
832 2177 949 2241 dat
993 2178 1066 2241 in
1111 2197 1366 2241 manus,
1443 2175 1656 2241 Nobis
1687 2177 1891 2242 etiam
1938 2177 2220 2242 relatum
2253 2181 2355 2240 est
2384 2176 2561 2260 quod
2592 2173 2933 2260 AEgidium

491 2255 731 2314 mtugue.
837 2277 1426 2362 Rothomagensem
1474 2277 2027 2356 archidiaconum,
2074 2283 2143 2342 et
2186 2277 2231 2342 J
2234 2299 2514 2342 oannem
2545 2276 2625 2340 de
2674 2274 2934 2340 Oxene-

831 2378 994 2456 ford,
1072 2384 1140 2443 et
1225 2377 1270 2442 J
1274 2398 1558 2442 oannem
1637 2377 2019 2464 sagiensem
2096 2378 2281 2442 misit
2354 2377 2441 2442 ad
2516 2377 2781 2452 curiam,
2858 2380 2935 2440 ut

830 2479 1199 2565 impediant
1241 2501 1326 2544 ne
1371 2479 1559 2544 vobis
1605 2481 1678 2543 in
1724 2485 1967 2544 terram
2015 2501 2202 2544 suam
2248 2479 2489 2564 legatio
2522 2477 2933 2558 concedatur,

832 2587 953 2646 aut
1020 2581 1204 2645 aliud
1275 2580 1453 2665 quod
1473 2579 1499 2618 ³
1549 2581 1610 2644 ei
1671 2580 1779 2644 vel
1830 2581 2057 2646 comiti
2123 2579 2456 2669 Flandriae
2524 2579 2735 2664 possit
2797 2601 2936 2644 esse

831 2682 1200 2748 molestum.
1280 2683 1413 2748 Vos
1459 2684 1843 2748 nuntiorum
1894 2704 2205 2770 personas
2250 2705 2369 2769 pro
2414 2691 2602 2768 parte
2634 2683 2934 2760 novistiS‚

831 2785 945 2866 sed
978 2784 1252 2849 fortasse
1300 2784 1556 2870 plenius
1601 2785 1829 2862 nostri,
1864 2785 1999 2869 qui,
2030 2785 2235 2849 vestri
2281 2770 2516 2870 gratia,
2547 2783 2889 2850 vobiscum
2908 2782 2935 2820 4

831 2894 1005 2951 sunt.
1131 2885 1298 2952 Cum
1377 2908 1530 2971 ergo
1629 2887 1708 2951 dc
1789 2891 2009 2951 vestra
2084 2886 2461 2951 sinceritate
2540 2891 2608 2950 et
2682 2884 2933 2950 domini

833 2987 1160 3065 Gratiani,
1193 3010 1392 3073 quam
1439 2995 1752 3073 expertus
1797 2993 1914 3064 est,
1946 2988 2075 3053 fide
2122 2994 2349 3052 tantus
2380 2986 2715 3051 hominem
2746 2984 2933 3049 illum

833 3090 1034 3153 timor
1082 3090 1421 3166 invaserit,
1468 3090 1610 3155 luce
1656 3089 1897 3153 clarius
1938 3092 2054 3165 est,
2086 3088 2281 3173 quod,
2328 3088 2383 3151 si
2434 3108 2581 3151 eum
2631 3085 2937 3150 dominus

832 3213 1006 3277 papa
1051 3192 1136 3256 ab
1181 3191 1375 3255 initio
1447 3189 1789 3255 terruisset
1856 3190 2253 3255 auctoritate
2297 3187 2539 3252 summi
2606 3186 2937 3272 pontificis

833 3294 1056 3380 potius
1102 3314 1302 3377 quam
1367 3294 1727 3357 sustineret
1794 3291 1908 3376 pia
1956 3290 2465 3356 mansuetudine
2512 3290 2735 3375 patris,
2789 3290 2934 3375 jam

833 3395 1104 3461 ecclesia
1147 3395 1274 3459 Dei
1319 3416 1362 3459 a
1428 3394 1658 3457 multis
1723 3393 1956 3457 diebus
2024 3397 2325 3458 serenata
2388 3392 2643 3469 fuisset,
2706 3398 2776 3457 et
2821 3391 2933 3455 de-

835 3498 1192 3562 tumuisset
1236 3496 1420 3561 suror
1463 3495 1769 3573 hominiS,
1817 3496 1933 3580 qui
1978 3495 2309 3582 fugientes
2356 3499 2425 3577 et
2470 3492 2764 3557 imbelles
2795 3492 2936 3557 sine

833 3599 1252 3664 miseratione
1297 3598 1713 3683 persequitur
1759 3602 1827 3661 et
1890 3597 2175 3661 viriliter
2240 3594 2697 3660 resistentibus
2740 3593 2936 3675 cedit.

835 3700 1116 3765 Miseriae
1161 3704 1404 3764 nostrae
1437 3698 1884 3764 conditionem
1930 3720 2051 3785 pro
2084 3703 2289 3785 parte,
2333 3698 2491 3782 quia
2519 3696 2934 3761 fastidiosum

832 3808 1005 3867 essct
1048 3823 1382 3869 recensere
1446 3800 1728 3887 singula,
1794 3801 2283 3886 deploravimus
2351 3802 2423 3863 in
2476 3798 2748 3863 auribus
2792 3820 2937 3861 ves-

835 3906 997 3983 tris3
1043 3910 1286 3969 vestrae
1349 3903 1757 3989 dignationis
1826 3909 1894 3968 et
1955 3902 2255 3968 caritatis
2316 3901 2445 3967 erit
2490 3901 2842 3986 impetrare
2894 3922 2937 3965 a

834 4006 1100 4071 domino
1169 4027 1341 4092 papa
1415 4010 1496 4069 ut
1573 4005 1859 4070 ecclesiae
1939 4004 2084 4080 Dei,
2132 4008 2199 4069 et
2262 4003 2473 4077 nobis,
2520 4007 2588 4066 et
2655 4001 2935 4065 miseriis

833 4109 1076 4173 nostris
1123 4109 1604 4195 expedientem,
1652 4113 1721 4171 et
1786 4130 1853 4172 se
1924 4108 2213 4193 dignam,
2261 4105 2611 4192 provideat
2671 4125 2941 4190 pacem3

835 4212 994 4299 quia
1038 4212 1112 4275 in
1157 4232 1309 4275 eum
1355 4210 1530 4275 oculi
1599 4210 1893 4275 omnium
1959 4209 2195 4274 directi
2258 4212 2433 4284 sunt,
2480 4211 2937 4292 exspectantes

836 4314 999 4399 quid
1021 4313 1046 4351 ⁵
1089 4313 1386 4379 facturus
1431 4312 1521 4377 sit
1567 4312 1640 4377 in
1686 4334 1882 4377 causa
1925 4312 2073 4377 ista.
2166 4310 2237 4376 Si
2284 4316 2508 4396 raptor
2536 4309 2760 4374 ablata
2804 4328 2939 4372 non

835 4415 1204 4482 restituerit
1250 4420 1371 4480 aut
1403 4413 1798 4481 satisfecerit
1827 4438 1855 4501 ;=
1892 4414 1949 4476 si
1995 4433 2255 4489 novam,
2288 4416 2357 4475 et
2380 4415 2620 4495 praeter
2649 4409 2936 4476 ecclesiae

903 4618 916 4649 ¹
959 4616 1246 4682 ‹baylon-um,
1272 4616 1326 4666 Z.
2002 4613 2025 4647 ³
2058 4613 2207 4679 quod,
2228 4628 2327 4663 om.
2352 4613 2415 4664 O.

900 4694 921 4729 ²
956 4704 1096 4747 tanto
1132 4712 1294 4761 opere,
1337 4697 1402 4757 A,
1439 4695 1514 4755 03
1561 4700 1834 4761 tantopere,
2001 4693 2023 4725 ⁴
2056 4693 2325 4754 uobiscum,
2349 4688 2415 4744 L.

831 4774 894 4831 Id·
1886 4828 1895 4843 ι
2000 4773 2021 4808 3
2056 4772 2204 4840 quod,
2226 4772 2296 4827 v·
