3634 5800
558 3059 667 3110 The
690 3073 827 3108 same

558 3125 707 3188 thing
722 3124 764 3174 is
782 3132 873 3175 not

556 3191 761 3256 equally

556 3257 718 3324 guilty
742 3256 793 3307 in

558 3326 627 3376 all
646 3340 873 3390 persons.

896 844 1025 911 534
1742 812 2130 899 'misrom
2611 831 2774 915 [Am.
2807 830 3004 899 1172.

896 1068 1091 1112 omne
1166 1045 1415 1111 animal
1482 1041 1944 1109 benedictione
2009 1040 2275 1126 replere,
2339 1038 2570 1103 videas
2629 1058 2716 1102 ex
2781 1038 3002 1121 inspe-

895 1156 1043 1214 rato
1118 1154 1187 1213 et
1260 1147 1507 1212 sentias
1578 1150 1787 1211 totam
1864 1142 2099 1207 mundi
2175 1142 2446 1206 domum
2519 1139 2840 1225 repletam
2915 1160 3002 1203 ex

898 1253 1095 1317 odore
1140 1250 1481 1337 unguenti.
1599 1246 1690 1312 Et
1750 1252 1914 1311 tunc
1980 1244 2184 1329 (quod
2247 1242 2424 1309 absit
2475 1264 2518 1307 a
2569 1248 2710 1307 tam
2769 1246 3000 1306 sancto

899 1354 1211 1435 nomine)
1268 1372 1431 1416 serae
1491 1350 1691 1413 nimis
1750 1353 1820 1413 et
1875 1368 2090 1433 parcae
2155 1344 2676 1431 dispensationis
2751 1344 3002 1429 poteris

896 1457 1107 1544 argui,
1152 1476 1301 1521 cum
1364 1452 1691 1519 Dominus
1757 1451 1980 1535 largus
2043 1448 2146 1513 sit
2263 1446 2387 1512 Ille
2433 1452 2656 1511 autem
2721 1444 2839 1531 qui
2899 1452 3000 1509 est

900 1559 1207 1625 Christus
1274 1555 1599 1621 Dominus
1644 1558 1713 1618 te
1758 1551 2080 1617 christum
2127 1548 2398 1614 Domini
2459 1552 2780 1634 perpetuo
2826 1547 3000 1610 vivi-

896 1662 1051 1726 ficet
1124 1666 1195 1725 et
1252 1660 1610 1734 conservet,
1674 1660 1744 1719 et
1819 1654 1902 1718 de
1961 1650 2268 1717 omnibus
2343 1656 2412 1715 te
2473 1650 2696 1736 Ipsius
2770 1648 3000 1714 unctio

896 1766 1143 1831 doceat.

1708 2188 2164 2284 Doctxxx

958 2350 1403 2415 Amtxmmm
1446 2358 1625 2411 PAPA
1668 2359 1767 2407 AD
1812 2343 2423 2408 BARTHOLOMAEUM
2471 2339 2937 2405 EXONOENSEM

1746 2460 2152 2510 EPISCOPUM.

1474 2598 1563 2663 (ο.
1586 2602 1715 2659 2313
1752 2598 1809 2648 z.
1833 2613 1882 2647 v.
1912 2601 2039 2659 1033
2072 2596 2252 2647 Thom.
2277 2596 2421 2657 856.)

987 2732 1373 2799 Alexander
1434 2730 1675 2795 tertius
1738 2729 2099 2814 episcopus,
2164 2748 2392 2793 servus
2455 2748 2793 2792 servorum
2857 2726 3004 2805 Dei,

901 2834 1266 2902 venerabili
1346 2832 1541 2898 fratri
1602 2829 2148 2916 B[artholomaeo]
2242 2829 2603 2895 Exoniensi
2678 2829 3002 2916 episcop0,

922 2940 1203 3004 salutem
1248 2940 1319 3001 et
1362 2933 1786 3022 apostolicam
1833 2929 2406 3016 benedictionem.1

1001 3042 1193 3108 Sicut
1259 3038 1537 3124 dignum
1608 3041 1709 3102 est
1777 3041 1847 3101 et
1914 3035 2092 3100 omni
2169 3038 2522 3100 consentan
2530 3055 2679 3100 eum
2757 3033 3000 3100 rationi

899 3166 1136 3232 graves
1196 3147 1267 3208 et
1310 3139 1614 3206 'difficiles
1678 3138 2076 3225 quaestiones
2139 3137 2226 3202 ad
2287 3159 2564 3203 examen
2591 3157 2606 3163 “
2627 3139 3002 3224 apostolica)

899 3248 1073 3313 sedis
1120 3242 1401 3323 deferri,2
1462 3243 1561 3308 ita
1607 3242 1811 3307 etiam
1857 3239 2070 3318 nobiS,
2118 3262 2201 3305 ex
2246 3241 2617 3306 ministerio
2677 3247 3004 3328 susceptae

898 3347 1380 3425 sollicitudinis,
1429 3345 1735 3409 imminet
1778 3343 2037 3409 easdem
2086 3343 2504 3428 quaestiones,
2562 3349 2760 3429 prout
2810 3346 3002 3412 nobis

898 3455 1083 3521 Deus
1143 3450 1419 3526 dederit,
1486 3446 1759 3524 solvere,
1822 3451 1893 3511 et
1957 3446 2236 3532 singulis
2299 3467 2340 3512 a
2401 3446 2592 3512 nobis
2657 3448 3004 3514 consilium

896 3551 1390 3644 postulantibus
1450 3549 1878 3636 respondere3
1941 3556 2017 3613 ut
2062 3547 2481 3634 providentia
2539 3547 2853 3615 Romanae
2897 3571 3006 3616 ec-

898 3662 1132 3739 clesiae,
1162 3679 1310 3746 quae
1338 3657 1589 3742 ubique
1618 3659 1948 3720 terrarum
1968 3654 2246 3732 obtinet,
2276 3655 2666 3740 disponente
2697 3655 3002 3737 Domine,

898 3764 1363 3854 principatum,
1404 3758 1800 3845 quaestiones
1831 3757 2192 3835 solvantur,
2222 3762 2291 3823 et
2334 3764 2752 3824 removeatur
2779 3761 2852 3824 in
2897 3761 3004 3826 his

896 3864 1299 3953 ambiguitas
1330 3864 1411 3928 de
1444 3856 1746 3926 cordibus
1789 3859 2218 3946 singulorum.
2313 3859 2497 3926 Licet
2532 3867 2776 3940 autem,
2807 3883 3005 3949 super

899 3967 1373 4058 quaestionibus
1404 3984 1567 4050 quas
1611 3962 1802 4028 nobis
1845 3962 2152 4028 discretio
2199 3967 2318 4028 tua
2347 3963 2692 4029 solvendas
2737 3964 3004 4045 direxit,

896 4079 967 4138 te
1012 4092 1146 4136 non
1194 4068 1573 4133 dubitemus
1633 4064 1986 4153 providum
2009 4061 2035 4101 ³
2079 4069 2149 4128 et
2193 4065 2738 4150 circumspectum
2797 4068 3004 4133 exsis-

898 4182 1059 4253 tere,
1090 4173 1389 4259 cogimur
1434 4173 1675 4245 tamen,
1721 4189 1807 4233 ex
1845 4172 2165 4253 susceptae
2185 4166 2212 4205 ⁴
2240 4168 2583 4233 servitutis
2615 4169 3001 4250 ministeriu,

894 4280 1091 4360 juxta
1138 4272 1595 4340 discretionem
1619 4270 1645 4308 ⁵
1688 4274 1758 4335 et
1810 4269 2297 4356 providentiam
2356 4275 2673 4349 nostram,
2718 4272 2846 4337 tibi
2890 4295 3005 4338 ex-

897 4381 1053 4446 inde
1098 4375 1503 4464 respondere.
1596 4372 1786 4451 Sane,
1819 4393 1970 4439 cum
2001 4373 2107 4437 vir
2137 4373 2470 4458 litteratus
2513 4374 2604 4439 sis
2627 4380 2696 4440 et
2741 4374 3002 4462 sapiens

968 4609 986 4642 ¹
1021 4609 1064 4660 Z
1086 4609 1180 4658 has
1200 4622 1269 4658 no
1298 4603 1552 4673 greeting.
2067 4602 2088 4634 ⁴
2121 4609 2380 4668 susceptae,
2401 4604 2470 4665 Z3
2507 4619 2606 4654 om.
2633 4605 2696 4656 G.

966 4689 988 4723 2
1020 4687 1225 4752 referri,
1250 4687 1308 4736 Z.
2069 4681 2090 4713 ⁸
2125 4681 2448 4734 discretionis
2473 4689 2568 4745 tue,
2591 4684 2652 4740 Z.

966 4768 987 4802 ⁸
1021 4766 1298 4829 discretum,
1321 4763 1376 4817 Z.
