3634 5800
868 830 997 891 406
1760 839 2127 891 musroLAE.
2575 825 2740 909 [an.
2776 821 2968 893 1170.

862 1030 1209 1095 seditionis
1253 1033 1583 1095 consortes
1630 1034 1699 1093 et
1758 1028 2132 1098 schismatis
2193 1030 2579 1105 incentores
2629 1029 2969 1113 juramen-

863 1137 1011 1197 tum
1030 1132 1054 1171 ¹
1120 1131 1497 1216 hujusmodi
1559 1130 1689 1193 nisi
1753 1129 1838 1193 de
1883 1129 2230 1194 voluntate
2297 1129 2470 1215 regis
2536 1149 2672 1194 non
2735 1128 2970 1193 debere

864 1234 1183 1319 praestafi,
1257 1233 1621 1351 praesertim
1698 1233 1784 1297 ab
1867 1232 2204 1317 episcopie,
2288 1232 2446 1317 quia
2523 1236 2668 1297 erat
2743 1236 2972 1297 contra

867 1337 1264 1423 dignitatem
1309 1336 1624 1423 principis
1686 1341 1756 1400 et
1814 1335 2322 1401 consuetudines
2388 1336 2592 1421 regni.
2686 1334 2769 1398 Ei
2814 1354 2972 1398 vero

872 1466 959 1509 ex
1002 1448 1191 1530 parte
1235 1448 1467 1507 nostra
1527 1461 1915 1527 responsum
1983 1447 2102 1519 est,
2170 1441 2348 1526 quod
2409 1441 2613 1506 iidem
2683 1438 2970 1555 episcopi

868 1552 1069 1611 antea
1140 1568 1182 1611 a
1244 1544 1435 1610 nobis
1510 1544 2062 1610 excommunicati
2137 1544 2424 1622 fuerant,
2487 1548 2556 1609 et
2630 1564 2764 1608 non
2839 1540 2972 1605 nisi

870 1648 1171 1734 praestito
1222 1646 1621 1731 juramentO,
1667 1666 1817 1711 cum
1860 1642 2030 1709 vos²
2091 1644 2325 1710 multis
2391 1643 2972 1711 sollicitationibus

866 1748 1413 1835 interpellassent,
1475 1746 1731 1813 absolvi
1762 1744 2189 1812 meruerunt.³
2277 1746 2369 1810 Et
2429 1746 2486 1811 si
2538 1749 2765 1811 nostra
2823 1764 2969 1809 sen-

866 1851 1082 1918 tentia
1144 1851 1287 1915 sine
1322 1849 1702 1936 juramento
1768 1848 2220 1935 episcoporum
2285 1848 2456 1913 solvi
2522 1870 2659 1914 non
2719 1846 2970 1923 debuit,

872 1954 1084 2019 multo
1130 1952 1351 2017 minus
1395 1958 1638 2027 vestra,
1698 1972 1849 2036 quae
1909 1952 2103 2037 longe
2161 1951 2397 2017 fortior
2443 1957 2562 2028 est,
2608 1956 2679 2016 et
2723 1951 2967 2015 incom-

872 2055 1155 2142 parabili
1200 2053 1391 2119 nobis
1436 2058 1507 2119 et
1572 2053 1962 2118 mortalibus
2031 2051 2288 2119 cunctis
2351 2051 2748 2119 auctoritate
2815 2050 2968 2115 sub-

865 2158 1040 2222 nixa.
1132 2155 1242 2220 Ad
1306 2175 1506 2240 quam
1566 2153 2071 2238 responsionem,
2091 2151 2119 2191 ⁴
2183 2153 2356 2219 sicut
2429 2152 2620 2218 nobis
2686 2151 2970 2217 retulere

868 2259 985 2345 qui
1052 2262 1409 2343 praesentes
1472 2256 1764 2334 aderant,
1835 2254 2123 2341 episcopi
2189 2255 2355 2320 adeo
2415 2256 2582 2321 moti
2657 2260 2816 2320 sunt
2889 2257 2970 2318 ut

870 2358 1281 2426 decreverint
1378 2358 1603 2422 venire
1694 2357 1783 2421 ad
1873 2378 2013 2431 1103,
2105 2361 2174 2421 et
2265 2357 2628 2423 secundum
2719 2377 2966 2422 morem

864 2461 1149 2529 ecclesiae
1224 2460 1510 2545 recipere
1583 2458 2081 2535 absolutionem,
2155 2478 2292 2523 non
2367 2458 2680 2525 ducentes
2725 2464 2967 2535 tutum,

867 2572 967 2645 ut,
1013 2586 1135 2652 pro
1179 2561 1645 2630 conservandis
1693 2561 1884 2648 regni
1911 2560 2520 2640 consuetudinibus,
2565 2562 2852 2627 ecclesiae
2895 2584 2964 2627 se

860 2670 1286 2754 opponerent,
1364 2669 1434 2730 et
1452 2674 1477 2711 ⁵
1552 2664 2024 2749 impugnarent
2099 2663 2488 2748 apostolicas
2577 2664 2963 2729 sanctiones.

867 2769 1021 2845 Sed,
1062 2767 1259 2833 homo
1306 2766 1485 2852 pacis
1530 2764 1853 2840 inimicus,
1901 2769 1970 2829 et
2017 2763 2304 2829 ecclesiae
2349 2764 2671 2841 turbator,
2717 2764 2964 2831 Ebora-

858 2871 1069 2937 censis
1116 2869 1446 2947 dissuasit,
1494 2867 1838 2934 consulens
1899 2872 1978 2932 111,
2036 2866 2259 2952 potius
2318 2866 2580 2934 adirent
2623 2866 2963 2933 dominum

860 2995 1097 3060 regem,
1164 2974 1279 3060 qui
1349 2972 1443 3038 eis
1511 2991 1768 3057 semper
1841 2969 2296 3055 patrocinatus
2371 2976 2490 3051 est,
2560 2975 2631 3036 et
2695 2971 2966 3037 nuntios

861 3078 1209 3141 mitterent
1252 3074 1339 3140 ad
1384 3094 1633 3138 novum
1680 3092 1916 3158 regem,
1973 3071 2089 3156 qui
2135 3071 2605 3156 persuaderent
2663 3073 2724 3138 ei
2789 3073 2964 3159 quod

865 3201 1016 3244 eum
1063 3179 1387 3264 deponere
1448 3174 1795 3252 volumus3
1858 3194 2009 3238 cum
2074 3192 2213 3250 nos,
2281 3172 2425 3238 Deo
2489 3179 2676 3250 teste,
2725 3175 2780 3239 si
2827 3176 2962 3260 ipse

860 3279 1147 3347 ecclesiae
1192 3279 1321 3343 Dei
1338 3276 1365 3314 θ
1410 3276 1794 3363 profuturus
1841 3279 1956 3352 est,
1990 3274 2334 3339 mallemus
2395 3296 2547 3340 eum
2589 3297 2725 3341 non
2771 3278 2963 3342 modo

857 3405 1066 3448 unum
1138 3381 1468 3467 [regnum]
1490 3377 1515 3419 ⁷
1588 3377 1920 3464 possidere
1983 3377 2098 3442 sed
2173 3377 2580 3464 amplissima
2641 3384 2710 3444 et
2769 3379 2964 3465 plura

520 3515 665 3580 They
686 3531 753 3581 go
776 3520 829 3566 to
857 3506 1059 3572 regna
1134 3489 1477 3549 terrarum.
1570 3479 1792 3565 Hujus
1871 3499 2027 3544 vero
2090 3478 2438 3564 legationis
2514 3481 2787 3566 signifer
2862 3487 2964 3546 est

518 3581 605 3632 the
626 3581 753 3647 king
857 3585 1357 3654 archidiaconus
1402 3587 1669 3661 noster3
1726 3603 1880 3644 nam
1931 3581 2358 3646 Eboracensis
2403 3587 2473 3646 et
2517 3582 2648 3648 duo
2701 3583 2963 3668 praefati

516 3647 571 3697 in
594 3648 728 3698 Nor-

516 3716 722 3780 mandy.

857 3687 1145 3776 episcopi
1191 3685 1389 3752 citius
1432 3683 2051 3760 transfretaverunt,
2071 3681 2096 3721 Β
2157 3688 2236 3747 ut
2285 3683 2488 3768 (quod
2549 3683 2729 3748 Deus
2773 3705 2960 3750 aver—

858 3796 967 3857 tat
994 3794 1035 3876 1)
1081 3787 1611 3855 circumveniant
1656 3785 2000 3850 dominum
2030 3805 2268 3870 regem,
2317 3789 2404 3850 et
2415 3785 2730 3851 adversus
2761 3772 2959 3853 30013-

518 3921 730 3974 &heme
749 3937 809 3972 aa
857 3894 1025 3959 siam
1073 3890 1465 3958 exacerbent
1509 3889 1675 3953 iram
1740 3887 1899 3972 ejus.
1993 3886 2320 3952 Fecerunt
2382 3886 2657 3952 autem⁹
2701 3889 2961 3954 evocari

515 3995 571 4038 ‘⁰
593 3996 775 4040 '³⁰²⁰‘
856 4015 1046 4062 senas
1120 4014 1203 4080 p«
1196 4011 1433 4057 1331133
1521 3989 1905 4054 vacantium
1997 3988 2430 4066 eeclesiarum,
2520 3994 2600 4054 ut
2689 3991 2960 4056 consilio

516 4069 641 4104 8008.

854 4117 1100 4173 eorum,
1146 4097 1379 4160 contra
1446 4110 1745 4166 emoneS,
1814 4109 2035 4153 coram
2105 4109 2274 4174 rege,
2341 4089 2412 4152 in
2477 4089 2694 4155 alieno
2740 4111 2958 4176 regn0,

920 4365 935 4398 ¹
960 4366 1321 4428 juramentum,
1344 4361 1415 4420 A,
1434 4359 1495 4419 G,
1523 4357 1589 4418 O,
1614 4359 1682 4418 Ζ,
1704 4357 1857 4420 jnra—
2014 4354 2036 4386 ⁶
2069 4353 2198 4414 Dei,
2221 4356 2293 4418 A,
2312 4355 2373 4416 C,
2395 4355 2438 4405 Z
2453 4379 2469 4419 3
2505 4371 2604 4406 om.
2629 4357 2688 4408 L.

762 4436 767 4440 ”
847 4451 1024 4504 menta,
1046 4443 1107 4492 L.
2012 4432 2034 4471 2·
2069 4449 2287 4499 requam,
2311 4449 2410 4484 om.
2433 4435 2506 4495 A,
2531 4436 2588 4486 Z.

915 4523 937 4556 ²
969 4538 1073 4583 vos,
1098 4523 1183 4581 A;
1216 4536 1325 4580 nos,
1346 4520 1410 4569 L.
2013 4511 2035 4543 ⁸
2072 4512 2551 4575 transfretaverunt,
2619 4513 2680 4574 G,
2743 4517 2811 4578 A,
2873 4518 2954 4578 03

914 4601 937 4634 ³
970 4605 1268 4660 meruerant,
1289 4598 1351 4648 L.
1947 4590 2370 4653 transfretarunt,
2393 4592 2455 4642 L.

915 4684 936 4716 ⁴
970 4681 1237 4738 rationum,
1261 4676 1323 4728 C.
2011 4671 2033 4702 ⁹
2067 4675 2246 4731 autem,
2269 4686 2368 4721 om.
2394 4671 2453 4723 C.

914 4762 935 4794 ⁶
972 4767 1039 4820 et,
1061 4774 1161 4808 om.
1188 4755 1245 4805 C.
