3634 5800
659 904 791 958 Aa).
828 887 1047 974 1170.]
1529 905 1888 954 Erls'roms.
2632 891 2762 956 303

655 1090 894 1157 minit:
959 1093 1174 1159 “Non
1218 1094 1553 1159 auditores
1600 1093 1804 1170 verbi,
1853 1093 1971 1159 sed
2038 1093 2316 1159 factores
2371 1092 2542 1176 justi
2604 1097 2763 1158 sunt

657 1197 690 1228 “
735 1195 913 1280 apud
959 1195 1228 1261 Deum.’'
1319 1196 1554 1281 Neque
1599 1196 1741 1262 haec
1785 1195 1857 1260 in
1887 1195 2417 1282 suggillationem
2465 1196 2761 1260 omnium

658 1301 956 1361 vestrum
1003 1298 1180 1364 dicta
1244 1298 1637 1377 credantur3
1682 1298 1840 1384 quia
1901 1297 2191 1383 Spiritus
2236 1301 2505 1362 sanctus
2570 1297 2760 1362 testis

657 1401 775 1475 est,
823 1398 1001 1482 quod
1044 1421 1128 1464 ex
1173 1400 1448 1465 caritate
1511 1398 1751 1485 potius,
1798 1419 1999 1483 quam
2047 1397 2171 1462 Ille
2234 1398 2411 1462 solus
2474 1397 2760 1484 inspirat

657 1499 774 1584 qui
821 1500 1058 1566 caritas
1123 1507 1242 1578 est,
1305 1500 1601 1588 prolata¹
1649 1506 1810 1566 sunt
1874 1521 2071 1587 quam
2137 1499 2209 1563 in
2268 1499 2549 1585 alicujus
2573 1497 2599 1538 ²
2658 1500 2761 1564 in-

646 1599 894 1684 juriam
963 1601 1369 1684 Christiani3
1433 1603 1590 1670 licet
1653 1603 1911 1688 aliquos
1975 1602 2057 1666 de
2121 1622 2394 1666 numero
2464 1606 2757 1666 vestrum

657 1723 774 1787 pro
835 1703 1082 1789 injuria
1145 1704 1430 1791 Spiritus
1492 1710 1560 1768 et
1628 1703 1939 1770 fraternae
2006 1702 2303 1770 caritatis
2364 1702 2759 1768 exterminio

643 1803 796 1888 jure
859 1815 928 1870 et
991 1806 1246 1882 merito,
1293 1827 1376 1870 ne
1441 1811 1717 1891 pereant
1760 1805 1878 1870 sed
1939 1804 2295 1870 salubriter
2342 1804 2755 1870 confundan-

653 1909 786 1982 tur,
851 1906 1240 1972 crediderim
1307 1906 1689 1992 arguendos.
1801 1905 2092 1971 Evolvat
2160 1906 2613 1990 unusquisque
2689 1912 2759 1973 et

654 2004 904 2092 relegat
964 2008 1248 2094 propriae
1313 2007 1730 2074 conscientiae
1800 2007 2080 2072 librum:
2144 2007 2216 2071 in
2285 2005 2635 2094 ambiguis,
2699 2008 2756 2072 si

654 2131 788 2194 qua
852 2116 1026 2186 sunt,
1095 2111 1526 2196 interpretem
1607 2113 1865 2194 quaerat
1937 2114 2007 2174 et
2080 2109 2350 2174 invocet
2428 2109 2755 2194 Spiritum

653 2216 970 2288 sanctum,
1039 2212 1154 2296 qui
1223 2212 1414 2277 docet
1486 2211 1829 2277 hominem
1892 2210 2255 2288 scientiam,
2319 2216 2387 2276 et
2476 2210 2753 2278 abscon-

653 2311 862 2378 ditam
923 2313 1176 2378 revelat
1237 2313 1608 2388 veritatem,
1674 2316 1752 2378 ut
1820 2332 1898 2376 eo
1947 2311 2220 2376 docente
2286 2311 2420 2376 sibi
2489 2312 2759 2377 fidelius

653 2418 722 2479 et
787 2414 1180 2479 familiarius
1250 2413 1658 2480 innotescat:
1721 2418 1791 2478 et
1868 2415 1977 2498 (ut
2039 2413 2357 2497 arbitror)
2430 2405 2626 2499 plane
2688 2421 2759 2480 et

652 2515 843 2600 plene
889 2516 1336 2602 deprehendet
1381 2515 1543 2602 quid
1587 2516 1672 2581 ab
1734 2535 2011 2582 accensa
2060 2515 2165 2580 vel
2217 2513 2534 2593 incensa,³
2594 2517 2757 2600 quid

651 2637 692 2680 a
756 2617 985 2702 tepida
1049 2616 1155 2682 vel
1233 2617 1521 2693 remissa,
1586 2615 1751 2702 quid
1799 2615 1887 2681 ab
1954 2616 2287 2682 exstincta
2358 2615 2466 2680 vel
2529 2616 2761 2704 fugata

651 2725 720 2783 et
781 2719 1044 2804 perdita
1087 2719 1214 2783 sibi
1279 2719 1660 2804 provenerit
1728 2719 2021 2784 caritate.
2132 2717 2329 2782 Absit
2394 2723 2619 2782 tamen
2678 2724 2759 2785 ut

649 2843 768 2907 per
809 2821 1304 2908 blasphemiam,
1334 2826 1456 2887 aut
1501 2820 2032 2896 obstinationem,
2063 2826 2185 2886 aut
2215 2821 2756 2907 desperationem,

649 2930 768 2991 aut
812 2925 1392 3041 impoenitentiam,
1437 2930 1776 3011 peccatum
1847 2923 2308 2989 inremissibile
2354 2924 2759 2989 commiserit

648 3027 798 3114 quis
865 3026 938 3090 in
983 3025 1211 3105 vobis;
1254 3026 1412 3111 quia
1477 3026 1633 3093 licet
1676 3026 1750 3089 in
1809 3026 2009 3090 ramis
2055 3025 2403 3091 debilitata
2421 3024 2448 3063 4
2491 3030 2561 3090 et
2604 3047 2756 3092 eon-

650 3130 860 3194 fracta
881 3128 906 3168 ⁵
968 3127 1059 3194 sit
1127 3129 1390 3205 caritas,
1436 3150 1585 3214 spes
1650 3134 1876 3193 tamen
1940 3133 2043 3193 est
2110 3128 2285 3212 quod
2352 3133 2617 3193 maneat
2684 3129 2754 3192 in

648 3231 878 3308 radice,
926 3235 996 3295 et
1059 3230 1279 3316 rigata
1321 3234 1390 3295 et
1456 3229 1722 3316 perfusa
1789 3229 2067 3295 caelestis
2128 3229 2362 3315 gratiae
2432 3230 2754 3295 imbribus

647 3333 856 3418 possit
874 3328 902 3367 ⁶
945 3330 1357 3407 revirescere,
1426 3338 1494 3394 et
1559 3351 1734 3395 verae
1802 3330 2268 3415 compassionis
2314 3334 2383 3394 et
2406 3327 2431 3366 ⁷
2468 3330 2753 3415 justitiae

647 3434 858 3499 facere
902 3434 1172 3507 fructus,
1220 3432 1276 3495 si
1322 3453 1433 3497 cor
1494 3432 1790 3517 posuerit
1836 3431 2059 3497 anima
2118 3452 2318 3517 super
2380 3432 2522 3496 vias
2582 3454 2752 3508 suaS,

646 3538 703 3601 si
749 3534 1154 3621 poenituerit,
1203 3534 1260 3598 si
1306 3533 1570 3620 culpam
1601 3533 1909 3609 fateatur,
1940 3532 1997 3597 si
2042 3554 2161 3619 pro
2193 3532 2515 3599 facultate
2562 3534 2753 3599 satis-

645 3635 942 3703 faciendo
989 3636 1274 3701 redimat
1318 3636 1493 3721 quod
1541 3635 1884 3701 commisit.
1979 3634 2109 3699 Sed
2156 3634 2435 3701 fortasse
2483 3636 2753 3701 dicetis:

644 3745 682 3779 “
728 3738 832 3802 Tu
876 3730 1025 3823 quis
1071 3758 1158 3813 eS‚
1203 3743 1324 3802 aut
1368 3758 1516 3822 quae
1561 3742 1664 3802 est
1709 3736 1939 3801 domus
1988 3736 2198 3821 patris
2244 3738 2349 3801 tui
2411 3738 2485 3801 in
2530 3738 2750 3816 Israel,

643 3846 680 3877 “
727 3844 806 3905 ut
849 3838 1184 3923 religiosos
1228 3859 1468 3924 arguas
1512 3838 1710 3913 virOS,
1780 3838 2148 3923 praesertim
2210 3837 2282 3901 in
2330 3837 2749 3904 ecclesiarum

643 3950 680 3977 “
724 3940 1094 4006 Britanniae
1139 3940 1404 4005 cardine
1451 3940 1898 4006 constitutos?
1986 3938 2131 4003 Aut
2188 3959 2311 4003 nos
2370 3940 2528 4025 quid
2577 3961 2751 4005 com-

643 4048 685 4082 “
729 4042 1028 4106 misimus
1091 4040 1268 4105 unde
1317 4041 1661 4105 caritatem
1733 4040 1967 4125 probes
2014 4040 2412 4105 exstinctam
2458 4046 2578 4106 aut
2647 4064 2751 4107 re-

644 4152 682 4180 “
725 4143 994 4209 missam
1018 4141 1047 4205 ’ἓ
1068 4141 1101 4165 ”
1213 4141 1354 4227 Ego
1419 4141 1688 4227 quidem
1761 4161 1883 4227 pro
1958 4161 2063 4204 me
2139 4141 2501 4227 respondeo
2576 4144 2753 4227 quod

645 4245 952 4332 praemisi,
998 4244 1158 4329 quia
1199 4243 1720 4329 proscriptorum
1768 4242 2023 4307 Christi
2082 4242 2398 4307 minimus
2442 4265 2606 4321 sum,
2667 4249 2755 4323 et,

709 4526 724 4559 ¹
757 4523 970 4591 prolata
992 4541 1084 4573 sun
1087 4531 1124 4586 t,
1146 4539 1248 4574 om.
1273 4524 1340 4575 O.
1815 4522 1837 4551 ⁵
1852 4520 2058 4587 fracta,
2080 4521 2136 4571 Z.

707 4605 729 4638 Β
707 4602 989 4716 “alten-ius,
1009 4604 1071 4652 L.
1205 4648 1210 4655 .
1817 4600 1840 4634 ⁸
1866 4604 2070 4667 poterit,
2094 4602 2156 4653 O.

763 4684 982 4742 in,tenea
1006 4682 1080 4741 Z-
1153 4696 1340 4740 w,eu³a
1364 4680 1426 4739 L,
1449 4678 1514 4730 G.
1820 4678 1842 4716 7
1880 4695 2005 4728 verce
2032 4682 2339 4745 (repeated),
2363 4683 2423 4733 Z.

707 4684 995 4822 {de-iibera,
1017 4699 1135 4809 Vin
