3634 5800
838 846 967 913 160
1716 820 2072 917 niumm
2555 848 2712 939 [nn.
2749 854 2946 925 1169.

835 1050 1033 1118 clesia
1106 1058 1176 1118 et
1236 1054 1378 1142 ipse
1451 1055 1727 1123 liberius
1799 1060 1870 1123 et
1941 1056 2498 1137 honorificentiae,
2574 1058 2952 1145 postquam'

835 1159 1175 1239 promotus
1222 1162 1324 1225 est
1366 1157 1439 1224 in
1483 1158 2062 1246 archiepiscopum,
2107 1162 2431 1239 tenuerat,
2477 1159 2606 1247 ipsi
2653 1165 2721 1227 et
2782 1160 2922 1225 suis

836 1257 1142 1324 similiter
1184 1260 1586 1348 resignaret3
1630 1266 1701 1329 et
1730 1282 1958 1328 omnes
1987 1261 2289 1331 ecelesias
2335 1266 2406 1329 et
2433 1262 2822 1350 praebendas
2851 1260 2940 1327 ad

834 1360 1472 1450 archiepiscopatum
1537 1363 1961 1452 pertinentes,
2009 1385 2160 1451 quae
2219 1369 2574 1452 postquam
2637 1364 2720 1431 de
2765 1370 2948 1431 terra

837 1462 1055 1529 exivit
1097 1469 1523 1544 vacaverunt,
1570 1469 1649 1531 ut
1693 1466 1777 1532 de
1838 1465 1946 1532 his
2011 1466 2186 1533 sicut
2230 1466 2313 1534 de
2357 1466 2497 1533 suis
2541 1465 2628 1533 ad
2672 1465 2944 1533 libitum

837 1585 1031 1630 suum
1098 1565 1362 1646 faceret,
1408 1567 1713 1635 similiter
1756 1568 2000 1637 habere
2057 1568 2492 1655 permitteret.
2587 1568 2752 1637 Haec
2796 1567 2945 1655 qui-

838 1666 987 1733 dem
1036 1669 1259 1735 omnia
1324 1670 1684 1752 eoncessit3
1742 1676 2208 1739 verumtamen
2269 1670 2343 1736 in
2405 1670 2704 1738 osculum
2762 1668 2945 1757 pacis

836 1766 1055 1855 ipsum
1118 1770 1504 1838 nullatenus
1572 1771 1863 1860 recipere
1909 1772 2142 1841 voluit.
2235 1772 2446 1857 Quod,
2491 1774 2652 1860 quia
2709 1771 2945 1837 multis

838 1872 1280 1956 prudentibus
1325 1874 1443 1961 qui
1490 1874 1776 1942 aderant
1839 1881 2220 1963 suspectum
2264 1875 2641 1952 videbatur,
2685 1896 2807 1941 nec
2867 1896 2945 1940 eo

838 1973 1035 2041 modo
1082 1974 1423 2042 dominum
1472 1976 2025 2067 cantuariensem
2059 1978 2131 2044 in
2175 1976 2542 2065 plenariam
2587 1978 2760 2065 regis
2805 1978 2944 2042 An-

838 2075 991 2162 gliae
1034 2077 1323 2163 gratiam
1388 2077 1622 2157 redire,
1683 2078 1793 2145 vel
1863 2080 2044 2168 pacis
2105 2079 2566 2163 integritatem
2627 2077 2945 2155 obtinere,

836 2200 1027 2266 posse
1072 2178 1561 2267 intelligebant,
1590 2202 1727 2268 pax
1773 2180 2160 2269 imperfecta
2203 2182 2537 2249 remansit,
2617 2180 2946 2248 Praeterea

839 2280 1221 2366 requirebat
1286 2281 1595 2347 dominus
1644 2282 2144 2351 cantuariensis
2210 2288 2468 2369 partem
2513 2282 2888 2349 ablatorum
2917 2280 2943 2321 ¹

839 2382 967 2447 sibi
1020 2382 1309 2461 restitui,
1370 2384 1651 2449 alteram
1697 2404 1856 2451 vero
1923 2390 2182 2471 partem
2247 2385 2321 2450 in
2382 2383 2938 2450 sustentationem

840 2482 1115 2563 dimitti,
1161 2484 1370 2551 donec
1416 2491 1714 2575 vestrum
1784 2507 1983 2574 super
2041 2486 2166 2555 hoc
2209 2492 2282 2553 et
2343 2486 2795 2573 religiosorum
2841 2486 2944 2551 vi-

840 2607 1063 2652 rorum
1110 2585 1385 2653 haberet
1450 2588 1816 2655 consilium.
1913 2589 2392 2657 Inconveniens
2437 2588 2635 2670 enim,
2682 2594 2751 2654 et
2814 2588 2941 2653 sibi

839 2689 1037 2755 valde
1083 2691 1494 2770 damnosum,
1541 2698 1612 2759 et
1678 2692 2122 2782 perniciosum
2185 2698 2432 2759 sanctae
2493 2692 2783 2759 ecclesiae
2829 2714 2944 2757 ex-

840 2791 1132 2879 emplum
1200 2794 1560 2872 videretur,
1632 2793 1687 2859 si
1758 2794 1901 2882 ipse
1968 2794 2194 2861 omnia
2258 2794 2503 2872 ablata,
2579 2794 2754 2861 sicut
2819 2814 2941 2860 rex

842 2895 1109 2984 Angliae
1180 2897 1584 2985 postulabat,
1631 2897 1904 2985 penitus
1972 2898 2362 2976 remitteret,
2409 2921 2561 2966 cum
2626 2920 2742 2986 per
2803 2898 2944 2985 ejus

842 2998 1213 3066 absentiam
1258 2999 1541 3069 aedificia
1585 2999 2085 3078 Cantuariensis
2115 3001 2402 3068 ecelesiae
2433 3001 2661 3067 diruta
2705 3004 2943 3077 essent,

842 3105 913 3166 et
957 3101 1043 3167 ad
1090 3104 1532 3189 possessiones
1578 3103 1932 3190 dissipatas
1999 3109 2202 3170 tenue
2263 3103 2543 3170 haberet
2588 3102 2942 3190 refugium,
3057 3155 3062 3160 .

842 3208 913 3268 et
956 3203 1096 3291 ipse
1158 3205 1549 3292 gravissimo
1594 3206 1796 3271 alieni
1842 3205 1994 3272 aeris
2058 3206 2283 3272 debito
2327 3205 2644 3272 astrictus
2690 3210 2943 3272 tenere-

504 3314 725 3378 Request
750 3319 802 3364 to
841 3310 969 3370 tur.
1066 3304 1427 3373 Sanctitati
1472 3307 1682 3393 igitur
1726 3313 1986 3385 vestrae,
2031 3328 2233 3393 quam
2280 3327 2399 3394 pro
2445 3305 2720 3374 ecclesia
2765 3305 2944 3372 can-

506 3380 595 3430 ὼε
618 3395 765 3445 9⁰9⁸·
844 3407 1165 3471 tuariensi
1241 3406 1653 3494 frequentius
1728 3409 1980 3496 rogavi,
2048 3409 2242 3474 flexis
2315 3407 2598 3496 genibus
2665 3413 2736 3474 et
2799 3412 2943 3473 tota

842 3509 1053 3574 animi
1116 3509 1471 3576 devotione
1534 3509 1855 3598 supplice,
1923 3515 1998 3576 ut
2059 3510 2216 3577 filiae
2259 3515 2504 3578 vestrae
2569 3515 2710 3576 tam
2774 3510 2891 3577 diu
2915 3509 2942 3548 ²

841 3611 1282 3697 periclitantis
1328 3611 1622 3678 miserias
1678 3612 2190 3680 misericorditer
2255 3613 2691 3690 attendentes,
2735 3612 2944 3699 ipsius

843 3711 1079 3780 honori
1126 3720 1196 3781 et
1240 3713 1527 3781 utilitati
1574 3713 2000 3793 consulendo,
2031 3720 2101 3780 et
2143 3714 2438 3782 honestae
2481 3713 2945 3801 compositioni

842 3814 1269 3894 intendendO,
1315 3837 1467 3882 eum
1489 3815 1517 3856 ³
1560 3816 1647 3882 ab
1677 3817 1916 3885 exsilio
1961 3816 2292 3884 instanter
2319 3837 2625 3884 revocare
2669 3821 2946 3903 paterno

844 3916 1093 3983 affectu
1136 3917 1449 4005 vigiletis.
1544 3917 1833 3985 Videtur
1896 3925 2124 3986 autem
2177 3919 2355 4005 quod
2423 3918 2726 3986 dominus
2773 3917 2945 3985 Can·

844 4019 1201 4085 tuariensis
1262 4039 1396 4085 non
1445 4019 1669 4086 minus
1715 4021 1928 4107 possit
1971 4021 2079 4088 vel
2126 4021 2366 4088 debeat
2407 4043 2448 4088 a
2492 4043 2642 4108 rege
2687 4018 2948 4108 Angliae

842 4122 1130 4208 exigere,
1175 4121 1543 4208 praesertim
1589 4142 1741 4188 cum
1809 4122 2120 4188 dominus
2165 4143 2288 4188 rex
2310 4117 2339 4158 ⁴
2397 4120 2617 4210 palam
2680 4121 2947 4202 dixerit,

847 4223 1065 4289 eidem
1113 4222 1586 4289 cantuariensi
1630 4222 1926 4311 plenarie
1991 4222 2282 4311 gratiam
2327 4223 2600 4291 minime
2665 4223 2950 4300 restitui,

844 4347 969 4393 nec
1012 4347 1085 4392 se
1128 4324 1353 4412 aliquo
1398 4324 1595 4391 modo
1664 4324 1824 4392 huie
1895 4325 2357 4413 compositioni
2403 4326 2734 4404 interesse,
2777 4325 2908 4390 nisi
2929 4325 2954 4363 ⁵

846 4428 1073 4495 osculo
1115 4427 1299 4514 pacis
1344 4427 1736 4494 firmaretur.

910 4607 926 4640 ¹
962 4606 1263 4669 ablatarum,
1286 4607 1358 4658 A.
2014 4606 2036 4640 ⁴
2079 4605 2316 4669 Francie,
2350 4606 2636 4670 interlined,
2657 4608 2876 4673 perhaps
2899 4623 2954 4659 as

906 4687 928 4720 ²
963 4693 1065 4736 tam
1088 4685 1193 4748 diu,
1218 4685 1272 4736 A
1292 4707 1308 4748 ς
1330 4686 1443 4751 jam
1464 4683 1572 4747 diu,
1598 4683 1654 4746 Z,
1678 4685 1738 4736 L.
1944 4685 2298 4752 explanatory,
2325 4686 2380 4737 Z.

908 4764 931 4798 ³
962 4781 1087 4830 eam,
1112 4766 1181 4827 A,
1206 4766 1253 4818 0
1268 4785 1282 4826 ς
1320 4781 1441 4824 eum,
1466 4765 1526 4816 L.
2010 4765 2031 4798 ⁵
2069 4763 2168 4826 ubi,
2193 4765 2260 4818 Ο.
