3634 5800
640 870 777 920 Aa).
813 848 1035 937 1170]
1516 865 1878 918 EPISTOLAE.
2623 845 2750 912 249

647 1054 885 1119 amotis
930 1053 1332 1120 satellitibus
1377 1053 1535 1131 suiS,
1581 1057 1651 1118 et
1694 1074 1816 1139 per
1861 1072 1982 1116 vos
2041 1049 2368 1114 ministris
2427 1047 2750 1133 archiepi-

647 1157 841 1242 scopi.
940 1157 1101 1222 Haec
1146 1157 1341 1234 enim,
1387 1156 1548 1221 licet
1598 1161 1924 1221 secuturae
1969 1155 2146 1240 pacis
2211 1173 2345 1217 non
2391 1153 2528 1216 sint
2591 1151 2754 1214 satis

649 1265 831 1324 certa
874 1259 1137 1337 indicia,
1184 1260 1345 1345 quia
1388 1264 1459 1324 et
1504 1263 1734 1324 contra
1778 1257 2027 1343 scripta
2087 1278 2210 1321 sua
2269 1255 2460 1320 facile
2525 1253 2752 1318 venire

647 1363 1011 1439 consuevit,
1056 1367 1126 1427 et
1169 1363 1510 1427 ministros
1557 1359 2033 1448 archiepiscopi
2081 1360 2308 1425 eadem
2341 1379 2474 1442 qua
2519 1355 2754 1422 solitus

649 1469 751 1528 est
794 1464 1044 1548 injuria
1088 1468 1309 1550 posset
1338 1465 1589 1549 ejicere,
1620 1471 1849 1529 tamen
1891 1463 2049 1548 quia
2094 1461 2376 1549 speciem
2393 1458 2418 1496 ¹
2447 1457 2757 1522 firmioris

651 1565 1075 1652 obligationis
1119 1567 1445 1642 obtinent,
1494 1573 1853 1652 utcumque
1907 1570 2154 1631 certam
2214 1586 2394 1650 spem
2439 1561 2638 1626 viden
2646 1566 2758 1625 tur

650 1667 963 1752 polliceri,
1010 1673 1079 1733 et
1123 1667 1541 1754 diligentiam
1594 1673 1904 1745 vestram,
1949 1667 2007 1731 si
2070 1667 2428 1752 impetrata
2488 1662 2757 1738 fuerint,

654 1770 981 1855 quidquid
1028 1771 1270 1836 exinde
1332 1773 1678 1858 contingat
1739 1794 1781 1837 a
1845 1770 2016 1836 vitio
2080 1768 2376 1834 levitatis
2440 1768 2759 1852 poterunt

652 1892 980 1936 excusare.
1105 1871 1299 1952 Quod
1375 1873 1432 1937 si
1508 1895 1629 1938 rex
1704 1873 1854 1951 ista,
1929 1871 2182 1937 scilicet
2257 1868 2756 1934 attestationem

652 1973 1049 2058 scriptorum
1095 1978 1164 2038 et
1207 1975 1691 2060 possessionum
1752 1973 2131 2050 cessionem,
2174 1971 2390 2038 facere
2448 1969 2757 2045 noluerit,

652 2079 861 2139 restat
922 2080 1003 2140 ut
1063 2096 1183 2140 vos
1252 2081 1499 2141 certam
1568 2097 1751 2162 spem
1819 2074 2158 2160 concipere
2203 2085 2369 2138 'non
2442 2071 2757 2150 debeatis,

652 2197 773 2241 nec
863 2177 951 2240 ad
1040 2176 1523 2242 absolutionem
1601 2177 2317 2242 excommunicatorum
2392 2174 2755 2261 procedere.

655 2278 831 2342 Nam
893 2278 1157 2345 etiamsi
1179 2277 1205 2317 ²
1256 2279 1548 2344 absoluti
1612 2285 1853 2357 essent,
1918 2279 2238 2343 tenemini
2299 2300 2384 2343 ex
2444 2277 2760 2342 mandato

652 2378 1012 2468 apostolico
1080 2403 1393 2468 reponere
1462 2404 1571 2448 eos
1634 2384 1707 2447 in
1775 2383 2176 2447 anteriorem
2239 2381 2638 2446 sententiam
2702 2381 2760 2444 si

654 2505 787 2568 pax
833 2485 1041 2570 (quod
1101 2486 1305 2571 absit)
1353 2491 1580 2550 secuta
1622 2506 1759 2549 non
1810 2485 2029 2549 fuerit.
2146 2484 2235 2548 Et
2303 2483 2360 2548 si
2423 2483 2759 2548 hominem

652 2592 828 2651 recte
872 2588 1201 2663 novimus,
1246 2587 1332 2651 ab
1384 2587 1665 2652 istorum
1729 2586 2144 2651 absolutione
2214 2585 2612 2662 exordietur,
2660 2586 2759 2650 di-

656 2693 888 2774 cetque
943 2711 1012 2754 se
1077 2689 1409 2754 neminem
1474 2689 1882 2764 auditurum,
1948 2687 2120 2752 nihil
2183 2687 2342 2750 boni
2410 2687 2760 2764 facturum,

655 2795 1012 2876 antequam
1076 2791 1512 2856 absolvantur
1572 2790 1932 2855 familiares
1997 2791 2116 2854 sui.
2229 2790 2408 2854 Dum
2473 2789 2598 2855 hoc
2647 2788 2762 2852 ob·
2787 2811 2898 2860 The
2915 2809 3084 2876 king’s

656 2891 873 2957 tineat
917 2895 1196 2958 fortasse
1242 2892 1633 2958 modestiam
1678 2892 2040 2970 simulabit,
2071 2892 2420 2979 promittet
2463 2892 2758 2978 grandia,
2786 2877 2932 2929 πώ·

658 2997 727 3058 et
773 2996 961 3079 quasi
1006 2997 1131 3059 sub
1164 2996 1378 3081 specie
1424 2995 1780 3081 religioniS,
1815 3016 1946 3081 quo
1992 2995 2408 3061 innocentior
2437 2997 2759 3073 credatur,

656 3102 931 3181 peccata
996 3097 1442 3174 confitebitur,
1492 3097 1749 3182 aliquas
1812 3098 2232 3163 conscientiae
2295 3098 2582 3163 maculas
2652 3097 2763 3161 de-

657 3202 857 3282 teget,
906 3220 1070 3283 quas
1116 3203 1342 3264 tamen
1373 3199 1803 3263 emendicatis
1849 3204 1971 3262 aut
2015 3199 2352 3263 ementitis
2397 3200 2762 3263 virtutibus

656 3300 972 3365 continuo
1020 3300 1298 3365 diluere·
1334 3302 1559 3385 possit.
1652 3302 1759 3364 Ex
1826 3322 1957 3385 quo
2022 3322 2180 3365 vero
2225 3301 2611 3378 obtinuerit,
2656 3302 2762 3364 in-

660 3406 1029 3465 veteratam
1100 3400 1416 3466 duritiam
1481 3402 1733 3478 induet,
1788 3406 1858 3465 et
1921 3402 2030 3487 qui
2102 3402 2446 3468 humiliter
2514 3403 2762 3481 orabat,

658 3502 901 3566 exinde
944 3501 1131 3567 nulla
1172 3502 1553 3567 humilitate
1576 3500 1602 3539 ³
1643 3504 1891 3587 poterit
1937 3504 2210 3569 exorari.
2286 3504 2452 3569 Haec
2495 3505 2596 3569 ita
2625 3526 2762 3569 esse

657 3603 1103 3688 persuadeant
1150 3604 1511 3668 Gratianus
1557 3610 1627 3669 et
1657 3605 2003 3683 Vivianus,
2035 3606 2274 3691 quibus
2321 3628 2408 3683 se,
2449 3607 2578 3670 fide
2626 3628 2763 3671 cor·
2791 3636 3092 3688 Difficulnes

656 3706 974 3792 poraliter
1016 3707 1334 3792 praestita,
1369 3707 1693 3793 obligavit
1739 3710 1917 3794 quod
1979 3708 2242 3773 illorum
2291 3710 2635 3774 consilium
2680 3710 2763 3773 de
2791 3704 3028 3821 333¹}ss

656 3829 816 3892 pace
862 3828 1012 3873 cum
1058 3808 1549 3895 archiepiscopo
1608 3810 1910 3875 facienda
1953 3818 2352 3896 sequeretur,
2401 3812 2458 3877 si
2503 3833 2761 3877 excom-
2789 3836 3086 3888 munientes.
3202 3896 3208 3903 ἢ

658 3911 1031 3975 municatos
1076 3910 1511 3975 absolverent.
1607 3911 1865 3991 Quibus
1930 3914 2265 3992 absolutiS,
2311 3916 2411 3979 ita
2463 3914 2550 3979 ab
2611 3916 2761 3978 uni-

658 4012 865 4076 versis
929 4032 1077 4097 quae
1142 4013 1449 4098 promisit
1493 4013 1747 4091 resiliit,
1815 4036 1892 4080 ac
1959 4016 2016 4079 si
2081 4038 2204 4081 nec
2264 4017 2542 4081 verbum
2612 4038 2762 4081 cum

658 4114 751 4178 eis
819 4113 1201 4194 habuisset3
1277 4116 1579 4199 quocirca
1642 4121 1712 4180 et
1785 4118 1901 4201 qui
1978 4117 2266 4183 absoluti
2339 4120 2620 4196 fuerant,
2689 4122 2762 4184 in

656 4215 941 4299 priorem
1003 4218 1750 4282 excommunicationem
1812 4218 2070 4284 reducti
2133 4226 2308 4299 sunt,
2355 4242 2431 4285 eo
2494 4221 2764 4305 quidem

646 4316 917 4401 justiuS,
965 4338 1095 4402 quo
1140 4317 1426 4401 nequius
1472 4340 1721 4404 pacem,
1751 4320 1942 4405 cujus
1989 4342 2103 4406 spe
2148 4321 2416 4386 fuerant
2461 4322 2763 4399 absoluti,

657 4419 1062 4482 studuerunt
1108 4418 1319 4483 modis
1366 4419 1676 4485 omnibus
1724 4420 2060 4506 impedire.
2154 4421 2592 4488 Praecaveatis
2639 4425 2766 4488 ita-

728 4657 745 4690 ¹
781 4659 1011 4724 speciem.
1034 4660 1079 4711 Ο
1101 4680 1115 4719 ;
1150 4674 1297 4725 φατι,
1321 4660 1391 4722 A,
1416 4660 1475 4722 Z,
1499 4662 1558 4711 L.
1824 4660 1848 4695 ⁸
1881 4614 2208 4727 humititate,
2229 4663 2291 4715 L.

726 4736 749 4769 ²
780 4740 841 4799 si,
866 4752 965 4788 om.
991 4740 1062 4789 V.
