3634 5800
620 906 750 959 Aa).
787 892 1011 979 1172]
1502 906 1870 956 EPls'ronAE.
2593 888 2724 957 507

619 1095 823 1180 pensi,
900 1100 970 1159 et
1044 1093 1160 1159 alii
1253 1092 1956 1159 excommunicationis
2045 1090 2315 1157 vinculo
2406 1092 2730 1158 innodati.

623 1195 926 1282 Cumque
986 1218 1107 1283 per
1166 1194 1528 1262 recolendae
1592 1200 1663 1260 et
1705 1198 1954 1260 sanctae
2006 1194 2340 1259 memoriae
2388 1194 2731 1274 Thomam,

622 1299 953 1384 quondam
1002 1296 1545 1363 Cantuariensem
1590 1296 2169 1382 archiepiscopum,
2203 1296 2443 1362 litterae
2489 1302 2732 1361 nostrae

621 1422 817 1487 super
890 1400 1319 1486 suspensione
1394 1404 1466 1465 et
1540 1399 2220 1466 excommunicatione
2301 1398 2566 1463 illorum
2658 1400 2731 1462 in

621 1524 825 1589 regno
892 1501 1155 1587 Angliae
1222 1499 1581 1585 publicatae
1647 1501 1946 1577 fuissent,
2015 1506 2086 1565 et
2150 1500 2276 1566 hoc
2343 1505 2515 1565 esset
2589 1501 2728 1587 regi

623 1604 991 1690 Anglorum
1010 1600 1033 1640 ¹
1074 1604 1482 1680 nuntiatum,
1515 1607 1776 1668 tantam
1810 1624 1897 1667 ex
1940 1602 2067 1668 hoc
2095 1602 2413 1668 adversus
2443 1603 2727 1667 eundem

623 1707 1181 1793 archiepiscopum
1210 1705 1755 1791 indignationem,
1802 1704 2340 1783 amaritudinem,
2389 1708 2458 1769 et
2501 1704 2732 1770 turba-
2813 1785 2816 1787 v

622 1809 876 1873 tionem
920 1806 1239 1893 concepit,
1286 1811 1355 1871 et
1415 1807 1513 1871 ita
1578 1828 1721 1871 eam
1768 1807 1968 1871 vultu
2032 1812 2102 1871 et
2162 1811 2358 1893 gestu
2421 1806 2732 1883 ostendit,
2811 1788 2816 1801 ¹

626 1904 800 1995 quod
848 1910 1117 1995 quidam
1182 1910 1265 1973 de
1317 1908 1902 1974 circumstantibus
1967 1908 2426 1994 [arbitrantes]
2449 1907 2476 1947 ²
2539 1930 2610 1973 se
2670 1909 2732 1973 ei
2757 1924 2968 1973 Murder
2989 1922 3053 1974 of

625 2012 903 2099 dignum
949 2017 1019 2077 et
1062 2016 1405 2097 acceptum
1468 2010 1857 2095 obsequium
1917 2010 2314 2097 impendere,
2361 2020 2429 2077 et
2473 2011 2600 2076 sibi
2645 2011 2732 2076 ob
2758 1990 3022 2106 ζξξὴῗοξξ

628 2115 700 2180 id
742 2115 899 2200 ejus
928 2114 1213 2201 gratiam
1258 2133 1637 2198 comparare
1680 2111 1942 2198 plenius
1986 2117 2056 2177 et
2100 2113 2413 2193 favorem,
2451 2114 2524 2177 in
2569 2134 2734 2199 prae-
2761 2072 2978 2173 Cantgr-

626 2217 843 2282 fatum
888 2214 1435 2281 Cantuariensem
1498 2235 1651 2280 cum
1695 2214 1898 2279 armis
1944 2214 2326 2300 iniquitatis
2385 2219 2456 2281 et
2501 2216 2732 2299 impie-
2758 2190 2908 2253 bury.

626 2319 787 2384 tatis
832 2319 1174 2394 irruentes
1206 2338 1359 2381 eum
1404 2316 1477 2379 in
1506 2316 1779 2383 ecclesia
1822 2337 1944 2382 sua
1973 2320 2130 2381 ante
2171 2316 2380 2382 altare
2423 2318 2736 2383 atrociter

626 2427 697 2487 et
725 2420 1077 2486 crudeliter
1106 2418 1501 2498 occiderunt,
1533 2440 1667 2485 non
1697 2420 2068 2505 cogitantes
2099 2440 2298 2504 quam
2328 2420 2734 2507 flagitiosum

629 2522 721 2588 sit
773 2524 847 2587 in
890 2521 1213 2587 christum
1273 2520 1547 2586 Domini
1564 2518 1592 2559 ³
1650 2541 1922 2586 manum
1985 2521 2269 2599 mittere,
2316 2527 2386 2586 et
2429 2542 2735 2609 sponsam

631 2624 884 2691 Christi
928 2624 1072 2709 ejus
1116 2622 1438 2709 sanguine
1482 2628 1843 2689 cruentare.
1937 2622 2066 2687 His
2097 2628 2339 2703 autem,
2370 2625 2488 2709 qui
2527 2628 2738 2689 tantae

630 2725 1001 2792 atrocitatis
1047 2729 1117 2789 et
1146 2724 1386 2811 flagitii
1432 2725 1681 2791 occasio
1725 2724 1929 2789 fuisse
1969 2725 2297 2803 dicuntur,
2329 2725 2736 2791 horribilitas

628 2828 939 2895 facinoris
986 2833 1179 2893 tanto
1224 2827 1539 2913 majorem
1590 2828 1942 2914 generavit
1985 2827 2349 2905 infamiam,
2394 2834 2463 2893 et
2509 2850 2736 2894 eorum

630 2932 841 3020 magis
903 2931 1281 3018 denigravit
1342 2931 1776 3008 honestatem,
1823 2935 2077 3017 quanto
2131 2931 2342 2998 scelus
2406 2932 2736 2998 crudelius

632 3038 702 3100 et
775 3034 1033 3101 facinus
1118 3031 1583 3097 detestabilius
1672 3038 2038 3119 reputatur.
2178 3032 2510 3100 Oaeterum
2585 3055 2736 3100 cum
2761 3049 3074 3102 Absolution

630 3137 987 3223 praedictus
1051 3157 1171 3201 rex
1224 3155 1341 3220 per
1385 3135 1659 3200 nuntios
1719 3156 1872 3200 suos
1933 3137 2114 3222 apud
2175 3157 2296 3201 nos
2357 3137 2572 3202 multa
2635 3137 2738 3201 in-
2761 3116 2926 3234 ἓξὲξ
2951 3201 2977 3234 s

633 3240 885 3306 stantia
935 3238 1317 3316 laborasset,
1363 3242 1443 3302 ut
1488 3259 1715 3303 eorum
1746 3239 2229 3326 purgationem,
2277 3259 2441 3324 quos
2485 3239 2567 3305 de
2610 3239 2736 3306 hac
2764 3199 2981 3302 desireel.

630 3363 703 3408 re
755 3341 1033 3407 infamia
1076 3345 1491 3426 resperserat,
1535 3341 1609 3403 in
1653 3340 1958 3426 partibus
2001 3339 2135 3405 illis
2181 3341 2740 3408 committeremus

632 3443 1097 3530 recipiendam,
1142 3441 1302 3508 huic
1347 3442 1445 3506 rei
1489 3442 1828 3508 noluimus
1874 3443 2301 3528 aliquatenus
2331 3446 2741 3528 consentir03

634 3546 795 3631 quia
856 3546 913 3609 si
982 3544 1097 3630 qui
1174 3549 1571 3630 apparerent
1616 3545 1733 3630 qui
1800 3565 1910 3610 eos
1974 3545 2228 3611 vellent
2285 3547 2623 3633 impetere,
2669 3549 2742 3612 in

635 3648 991 3736 praesentia
1036 3651 1264 3712 nostra
1308 3667 1575 3713 causam
1620 3647 2154 3732 disposueramus
2183 3649 2510 3716 discutere
2538 3675 2556 3729 ;
2602 3656 2742 3729 aut,

638 3773 775 3816 non
851 3748 1330 3835 apparentibus
1420 3748 1935 3834 impetitoribus,
2011 3751 2161 3816 illos
2245 3751 2742 3818 decreveramus

637 3875 838 3940 super
896 3852 1023 3918 hoc
1091 3851 1178 3916 ad
1242 3849 1569 3917 rationem
1645 3872 1910 3937 ponere,
1973 3856 2042 3916 et
2109 3853 2204 3918 eis
2279 3857 2740 3941 purgationem

636 3955 927 4020 indicere
989 3975 1189 4039 quam
1262 3973 1798 4038 cognosceremus
1875 3955 1959 4018 ad
2024 3959 2285 4022 tantam
2349 3957 2740 4024 abolendam

640 4057 987 4123 infamiam
1030 4054 1357 4140 expedire.
1482 4054 1656 4120 Sane
1702 4075 1854 4120 cum
1899 4057 2070 4121 nulli
2115 4061 2579 4145 apparuissent
2623 4061 2740 4146 qui

636 4158 890 4224 vellent
950 4177 1063 4222 eos
1128 4157 1465 4242 impetere,
1526 4161 1597 4221 et
1658 4155 2014 4243 praedictus
2080 4159 2573 4240 Londoniensis,
2627 4162 2741 4227 ob-

640 4265 861 4326 stante
938 4258 1067 4323 sibi
1142 4257 1490 4323 debilitate
1564 4258 1874 4342 corporis
1946 4259 2034 4324 ad
2109 4264 2374 4327 tantum
2451 4263 2741 4330 laborem

702 4507 721 4540 ι
758 4505 983 4570 Anqlioe,
1007 4505 1072 4556 (ᾖ,
1730 4503 1887 4568 bably
1924 4521 1956 4555 a
1993 4506 2254 4559 reference
2297 4517 2350 4560 to
2391 4509 2516 4563 Joh.
2551 4513 2655 4563 xvi.
2691 4520 2741 4577 2,

700 4585 723 4619 ²
758 4587 814 4636 A
836 4586 977 4636 word
997 4585 1089 4634 has
1125 4585 1255 4634 been
1288 4579 1501 4632 omitted
1522 4581 1578 4630 in
1600 4583 1644 4633 C
1732 4583 1900 4633 where
1937 4583 2024 4634 the
2059 4585 2282 4651 Vulgate
2322 4589 2416 4639 has
2457 4590 2740 4642 arbitretur

632 4669 865 4718 between
904 4664 993 4714 the
1016 4665 1111 4714 end
1152 4661 1215 4712 of
1243 4677 1341 4711 one
1378 4677 1511 4727 page
1544 4663 1648 4712 and
1686 4648 1690 4663 ¹
1732 4660 2017 4726 obsequium
2039 4681 2095 4714 se
2111 4672 2363 4730 proestare
2386 4667 2518 4718 Deo.

634 4747 723 4796 the
743 4741 1026 4808 beginning
1040 4742 1102 4792 of
1116 4741 1348 4792 another.
1398 4741 1486 4790 Dr.
1504 4740 1646 4792 Giles
1798 4741 1822 4774 ³
1856 4741 1980 4804 Dei,
2005 4743 2070 4794 G.

642 4829 877 4890 suggests
912 4827 1169 4887 putantes.
1238 4819 1405 4870 There
1446 4817 1490 4870 is
1531 4834 1649 4883 pro·
