3634 5800
899 875 1030 940 306
1799 889 2155 940 imsrom.
2612 872 2769 956 [an.
2807 869 2999 938 1170·

913 1079 1038 1146 hoc
1083 1078 1389 1145 dominus
1455 1097 1629 1164 papa
1689 1078 2005 1145 mandato
2072 1079 2330 1154 iterate,
2376 1081 2449 1142 et
2490 1080 2652 1142 sunt
2714 1073 3007 1162 prohibi-

913 1179 1102 1246 torias
1167 1179 1312 1266 ejus
1379 1178 1454 1242 in
1517 1199 1734 1266 regno.
1854 1178 2051 1259 Quas,
2096 1178 2156 1242 si
2218 1175 2549 1264 porrigere
2609 1174 3009 1243 cessaverint

911 1279 1027 1346 alii
1104 1284 1174 1344 et
1237 1279 1323 1344 ad
1389 1299 1510 1344 vos
1577 1279 2018 1365 pervenerint,
2084 1278 2451 1344 induantur
2510 1297 2732 1364 quaeso
2798 1272 3007 1360 aliqui

919 1385 1214 1446 vestrum
1291 1381 1544 1446 virtute
1618 1402 1702 1447 ex
1777 1381 1917 1446 alto
1990 1385 2073 1447 ut
2146 1401 2255 1446 eas
2316 1379 2676 1467 porrigant,
2742 1378 2870 1444 Dei
2938 1382 3007 1443 et

902 1481 1142 1547 summi
1206 1481 1537 1568 pontificis
1581 1482 1979 1548 auctoritate
2044 1482 2482 1568 prohibentes,
2528 1481 2731 1546 etiam
2798 1480 3005 1545 inter·

907 1583 1125 1670 posita
1185 1583 1626 1670 appellatione
1671 1584 1730 1648 si
1797 1605 1963 1670 opus
2024 1583 2243 1664 fuerit,
2291 1605 2379 1649 ne
2438 1587 2705 1648 tantum
2769 1581 3005 1667 proeJu-

905 1685 1152 1752 dicium
1196 1690 1442 1752 sanetus
1485 1685 1953 1752 Cantuariensi
1996 1687 2283 1754 ecclesiae
2300 1684 2327 1724 ²
2386 1684 2711 1751 inferatur
2730 1683 2797 1764 ⁹3
2840 1704 3003 1770 prae·

873 1837 878 1840 -
908 1787 1132 1854 sertim
1179 1808 1330 1855 cum
1373 1789 1434 1852 is
1478 1788 1564 1853 ad
1609 1809 1802 1874 quem
1850 1793 2120 1874 spectat,
2152 1788 2459 1854 dominus
2490 1785 3001 1864 Cantuariensis,

899 1893 1169 1976 paratus
1199 1890 1288 1954 sit
1332 1889 1455 1956 hoc
1498 1890 1785 1976 implere.
1864 1889 2316 1956 Nihilominus
2346 1890 2403 1955 si
2434 1909 2543 1956 eas
2586 1891 2661 1954 in
2704 1887 3003 1954 fraudem

915 1990 1200 2058 ecclesiae
1253 1992 1683 2077 suppresserit
1728 1991 1969 2076 aliquis
2030 1998 2111 2057 ut
2155 1992 2241 2056 ad
2284 2012 2404 2057 vos
2466 1991 2811 2078 pervenire
2872 2011 3005 2055 non

926 2091 1210 2168 valeant,
1259 2111 1376 2157 vos
1420 2097 1667 2170 tamen,
1711 2093 1794 2157 de
1840 2092 2074 2158 divina
2102 2092 2547 2158 misericordia
2590 2091 3009 2168 confidentes,

906 2191 1416 2279 prohibitionem
1480 2198 1548 2258 et
1610 2193 2121 2279 appellationem
2184 2194 2270 2259 ad
2332 2192 2843 2279 propulsandam
2902 2194 3005 2257 in·

893 2293 1142 2379 juriam
1227 2293 1683 2360 imminentem
1783 2296 2197 2382 interponere
2295 2313 2432 2361 non
2506 2295 2843 2372 differatiS,
2934 2301 3003 2361 et

901 2398 1207 2464 omnibus
1253 2397 1537 2466 eeclesiae
1581 2403 1826 2465 vestrae
1886 2400 2333 2486 suffraganeiS,
2380 2399 2775 2466 auctoritate
2831 2400 3003 2464 sedis

913 2499 1307 2586 apostolicae,
1375 2502 1726 2588 praecipere
1773 2507 1852 2567 ut
1914 2503 2330 2588 praesentiam
2376 2522 2563 2568 suam
2625 2500 2783 2567 huic
2825 2501 3007 2586 operi

901 2601 1313 2681 subtmhant,
1377 2609 1446 2668 et
1519 2603 1905 2689 praejudicio
1976 2605 2209 2670 matris
2276 2625 2415 2670 suae
2486 2602 2673 2669 nulla
2739 2593 3003 2689 prorsus

911 2701 1168 2769 ratione
1212 2703 1708 2771 communicent.
1805 2704 2001 2786 Quod
2046 2706 2107 2769 si
2170 2705 2359 2772 vobis
2404 2704 2776 2770 tacentibus
2835 2725 3001 2792 prae·

901 2811 1240 2894 sumptum
1325 2804 1541 2883 fuerit,
1619 2807 1726 2873 cui
1795 2806 1878 2872 de
1964 2811 2198 2874 caetero
2290 2807 2536 2892 poterit
2627 2807 3004 2892 persuaderi

909 2908 1124 2975 zelum
1169 2928 1304 2974 non
1362 2908 1647 2995 periisse,
1697 2914 1766 2973 et
1809 2909 2153 2975 oeritatem
2198 2929 2334 2974 non
2378 2930 2517 2974 esse
2562 2909 3005 2975 exstinctam?

898 3009 1010 3077 Sic
1052 3030 1189 3076 non
1233 3015 1334 3075 est
1379 3010 1452 3074 in
1481 3008 1671 3075 vobis
1715 3008 1955 3096 aliquis
1985 3011 2099 3096 qui
2144 3031 2280 3076 non
2310 3009 2511 3077 faciat
2553 3010 3001 3095 pretiosiorem

907 3116 1435 3178 momentaneam
1502 3111 1714 3177 vitam
1777 3131 1977 3197 quam
2044 3110 2321 3177 salutem
2392 3111 2677 3177 ecelesiae
2738 3133 2877 3178 suae
2938 3119 3006 3179 et

901 3234 1208 3281 coronam
1273 3212 1574 3299 justitiae.
1668 3210 1826 3277 Non
1900 3212 2079 3279 enim
2152 3234 2331 3279 nune
2404 3234 2445 3280 a
2517 3212 2707 3279 vobis
2780 3220 3004 3281 vestra

899 3318 1303 3402 quaeruntur,
1349 3314 1464 3380 sed
1527 3320 1604 3379 ut
1673 3334 1790 3379 vos
1838 3314 2125 3382 doceatis
2193 3312 2320 3379 Dei
2380 3335 2516 3381 esse
2586 3315 2867 3382 cultores
2934 3320 3004 3382 et

915 3417 1136 3484 ecclesi
1143 3438 1198 3482 ae
1283 3416 1468 3481 filios
1595 3414 1744 3481 Hac
1819 3416 2071 3481 virtute
2164 3418 2587 3502 procedentes
2672 3417 3008 3482 redimetis

895 3518 1192 3597 offensas,
1240 3524 1309 3583 et
1376 3523 1514 3583 tam
1579 3518 1926 3604 perspicua
1986 3518 2225 3585 caritas
2288 3518 2786 3584 multitudinem
2854 3540 3004 3605 quae

901 3625 1373 3708 praecesserunt
1418 3619 1668 3705 operiet
1731 3624 2162 3705 peccatorum.
2256 3619 2369 3684 Eis
2432 3624 2659 3685 tamen
2722 3618 2839 3706 qui
2902 3620 3003 3685 in-

913 3723 1206 3810 spirante
1274 3719 1540 3787 Christo
1585 3726 1987 3788 armaturam
2054 3720 2177 3787 zeli
2248 3721 2743 3808 assumpserint,
2789 3722 3011 3787 induti

895 3845 1014 3910 pro
1061 3823 1326 3891 thorace
1383 3822 1732 3908 justitiam,
1780 3829 1851 3888 et
1916 3844 2037 3909 pro
2098 3823 2287 3910 galea
2343 3823 2673 3911 judicium
2734 3829 3001 3903 certum,

900 3928 1041 3991 dux
1088 3931 1157 3992 et
1223 3928 1440 3991 custos
1486 3924 1700 3990 aderit
1743 3923 1959 3990 fidelis
2023 3922 2222 4003 Deus,
2268 3925 2385 4010 qui
2430 3946 2538 3991 eos
2584 3945 2785 4011 supra
2826 3926 3001 3991 vires

903 4028 1150 4096 tentafi
1194 4048 1328 4092 non
1382 4026 1716 4113 patietur;
1771 4027 1887 4091 sed
1932 4047 2011 4092 ea
2056 4049 2203 4113 quae
2266 4048 2444 4093 nunc
2506 4027 2819 4092 videntur
2879 4028 3004 4091 im-

900 4130 1151 4196 minere
1195 4128 1486 4216 pericula
1551 4128 1624 4192 in
1669 4148 1895 4193 veram
1962 4148 2206 4216 pacem,
2250 4129 2513 4216 plenam
2560 4129 3001 4208 securitatem,

901 4238 970 4300 et
1011 4237 1398 4319 perpetuam
1443 4228 1718 4315 gloriam
1765 4230 2215 4297 commutabit.
2306 4229 2483 4296 Nam
2514 4230 2819 4296 dominus
2863 4252 3003 4311 rex,

897 4333 1212 4422 quicquid
1257 4332 1614 4418 loquantur
1641 4330 1960 4409 homineS,
1992 4353 2060 4397 se
2078 4328 2105 4371 ⁸
2147 4332 2452 4398 meminit
2496 4352 2635 4397 esse
2678 4322 2999 4398 christum

957 4614 972 4646 ¹
1008 4611 1242 4670 ecclesia,
1265 4625 1365 4659 om.
1389 4610 1456 4658 V.
2112 4609 2159 4656 si
2190 4624 2242 4657 se
2278 4608 2564 4669 meminerit,
2596 4609 2659 4668 L,
2690 4610 2773 4669 ῦς
2809 4608 2873 4671 si,
2896 4622 2995 4659 om.

954 4692 976 4725 2
1012 4692 1268 4755 inferatur
1309 4723 1321 4737 .
1370 4724 1382 4736 .
1433 4724 1446 4737 .
1487 4684 1890 4745 Camarimis,
1995 4687 2060 4747 Ο,
2084 4688 2155 4748 V,
2178 4690 2253 4747 Z;
2288 4690 2513 4749 meminit,
2540 4690 2595 4739 Z.

885 4772 952 4835 O,
975 4771 1054 4831 G;
1089 4784 1190 4819 om.
1214 4767 1273 4817 L.
