3634 5800
611 909 744 963 Am.
784 893 1004 980 1170]
1485 911 1842 960 EPISTOLAE.
2598 899 2724 963 289

611 1102 1052 1188 indulgeatis
1058 1105 1126 1168 et
1171 1102 1684 1188 compatiamini.
1803 1101 1887 1166 In
1932 1121 2209 1180 summa,
2255 1103 2532 1187 pietatis
2579 1124 2723 1168 ves-

611 1211 734 1270 trae
791 1203 1070 1291 genibus
1134 1204 1486 1290 provoluti,
1535 1203 1985 1289 supplicamus
2051 1204 2381 1268 attentius
2446 1207 2524 1268 ut
2575 1203 2716 1270 haec

617 1305 840 1372 omnia
897 1306 1220 1371 intimetis
1281 1305 1548 1372 domino
1607 1325 1816 1391 papae,
1862 1309 1932 1371 et
1992 1304 2444 1390 persuadeatis
2510 1307 2573 1370 ei
2632 1327 2717 1371 ne

617 1409 698 1472 de
743 1413 979 1474 coetero
1023 1407 1656 1474 circumventoribus
1701 1407 1944 1484 credat,
1990 1407 2127 1491 qui,
2158 1425 2379 1472 amore
2426 1407 2719 1472 sordium

619 1508 883 1585 allecti,l
928 1511 1141 1596 ipsum
1187 1514 1513 1574 conantur
1559 1509 1868 1574 inducere
1918 1513 2013 1584 ut,
2044 1508 2115 1571 in
2162 1507 2429 1573 laesione
2478 1511 2722 1586 nostra,

617 1611 906 1678 animam
953 1631 1140 1676 suam
1187 1611 1422 1697 perdat
1467 1617 1544 1674 et
1579 1629 1846 1676 causam
1896 1608 2163 1676 Christi.

1503 1991 1826 2058 DOLXV.

647 2145 1011 2210 Galli-uno
1059 2143 1381 2210 Romm
1429 2159 1774 2214 sconssme
1822 2157 2261 2210 sunnmoono
2309 2157 2705 2211 cosxsoms

912 2247 1187 2312 Tuom
1235 2243 1796 2312 CAN-mmmmm
1846 2245 2414 2312 Ancnmmscopt!

867 2394 963 2454 (A.
989 2398 1117 2453 2483
1154 2393 1215 2444 0.
1241 2393 1295 2442 ii.
1319 2399 1450 2450 2483
1487 2393 1542 2443 Ζ.
1566 2410 1616 2444 v.
1641 2398 1736 2454 23,
1770 2393 1903 2457 Lup.
1926 2409 1975 2443 v.
2000 2398 2097 2454 23,
2134 2393 2320 2443 Thom.
2346 2396 2489 2454 391.)

711 2519 790 2584 Ei
837 2519 1316 2586 consultissime
1363 2520 1655 2584 vulneris
1703 2520 2109 2606 deteguntur
2153 2521 2567 2586 incommoda
2608 2522 2726 2608 qui
2754 2529 2984 2581 Gratian’
2989 2545 3013 2578 s

619 2617 1019 2708 compatitur
1061 2627 1183 2687 aut
1227 2621 1560 2698 medetur3
1626 2642 1746 2687 nec
1809 2623 1881 2686 in
1942 2623 2331 2687 necessitate
2376 2624 2725 2708 quisquam
2751 2595 2943 2646 ments

623 2725 842 2810 potius
885 2724 1230 2789 adeundus
1290 2729 1390 2788 est
1451 2747 1528 2788 eo
1592 2725 1709 2809 qui
1776 2725 1987 2810 ipsam
2057 2725 2400 2790 consuevit
2444 2723 2730 2790 fideliter

620 2824 948 2913 expedire.
1041 2825 1130 2888 Et
1193 2825 1458 2910 quidem
1505 2825 1894 2912 Anglicanae
1962 2825 2249 2891 ecclesiae
2316 2831 2418 2891 est
2474 2826 2725 2913 gravis-

619 2929 788 2993 sima
833 2928 1202 3004 necessitas,
1233 2933 1302 2991 et
1346 2948 1387 2991 a
1429 2928 1656 2992 multis
1704 2927 1935 2992 diebus
1972 2928 2113 3014 jam
2160 2928 2295 2994 fere
2340 2929 2729 2995 insanabilis

619 3030 831 3116 plaga,
881 3028 986 3095 cui
1031 3029 1350 3094 medelam
1396 3028 1666 3115 plurimi
1714 3030 2196 3115 promiserunt3
2254 3030 2370 3096 sed
2406 3030 2549 3116 jam
2594 3031 2730 3095 fere

619 3154 736 3197 sex
781 3152 1104 3197 annorum
1151 3152 1416 3217 prorsus
1475 3132 1696 3218 elapso
1758 3131 2099 3209 curriculo,
2146 3136 2388 3218 praeter
2429 3154 2550 3197 vos
2595 3154 2729 3199 non

619 3235 756 3301 fuit
829 3234 916 3299 ab
992 3233 1262 3299 ecclesia
1330 3234 1632 3299 Romana
1694 3233 2094 3299 descendens
2170 3235 2287 3321 qui
2360 3236 2726 3321 adjuvaret.

623 3336 1026 3415 Quaerebant
1068 3335 1184 3399 alii
1230 3335 1504 3400 fortasse
1553 3354 1702 3419 quae
1749 3356 1871 3400 sua
1916 3341 2090 3414 sunt,
2138 3341 2207 3400 et
2252 3334 2506 3402 Christi
2549 3342 2731 3422 post-

623 3443 986 3523 posuerunt
1027 3434 1323 3522 gloriam,
1370 3442 1440 3500 et
1484 3436 1772 3501 ecclesiae
1817 3436 2273 3517 honestatem3
2318 3438 2431 3501 sed
2478 3458 2597 3504 vos
2640 3439 2727 3504 ab

622 3539 887 3604 homine
933 3538 1065 3615 illo,
1095 3540 1211 3624 qui
1259 3538 1673 3623 corruptibili
1695 3536 1722 3575 ⁸
1767 3558 1929 3603 auro
1976 3546 2047 3605 et
2088 3545 2379 3625 argento,
2426 3545 2496 3605 et
2524 3541 2729 3605 variis

622 3640 963 3706 lenociniis
1008 3639 1360 3705 mundante
1428 3639 1870 3725 supellectilis,
1918 3641 2378 3707 contrahentes
2441 3662 2729 3707 corrum-

620 3764 772 3829 pere
835 3743 1196 3819 consuevit‚
1256 3740 1426 3806 nihil
1492 3747 1734 3826 praeter
1797 3742 2243 3807 sinceritatem
2311 3744 2727 3809 conscientiae

621 3843 958 3910 retulistis.
1051 3844 1116 3907 N
1121 3864 1192 3909 ec
1236 3862 1356 3909 vos
1401 3844 1728 3929 poeniteat
1773 3844 1953 3911 hunc
2015 3845 2300 3911 ecclesiae
2345 3844 2475 3910 Dei
2517 3847 2726 3932 gratis

619 3948 1004 4034 praestitisse
1049 3943 1356 4023 laborem,
1387 3965 1508 4011 nec
1551 3967 1672 4011 vos
1715 3946 2135 4011 arbitremini
2178 3948 2503 4013 modicam
2542 3948 2683 4033 jam
2702 3946 2731 3983 ⁴

621 4048 976 4135 suscepisse
1040 4046 1420 4123 mercedem,
1465 4048 1571 4113 cui
1637 4046 1887 4134 duplex
1933 4048 2205 4114 virtutis
2266 4050 2520 4116 fructus
2580 4052 2727 4116 red-

623 4152 806 4217 ditus
863 4154 1007 4231 est3
1071 4150 1143 4213 in
1211 4148 1612 4215 conscientia
1678 4150 1863 4229 alter,
1910 4152 2081 4217 alter
2142 4153 2216 4217 in
2276 4153 2501 4238 gloria.
2594 4152 2727 4219 Sed

620 4258 976 4338 utrumque
1043 4252 1574 4338 perseverantia³
1639 4250 2128 4339 multiplicabit,
2174 4260 2244 4320 et
2286 4256 2446 4320 dum
2492 4254 2727 4343 Angli-

694 4485 708 4516 ¹
743 4482 916 4543 illecti,
939 4484 996 4533 Z.
1785 4485 1808 4517 ³
1844 4484 2125 4551 corruptili,
2151 4486 2221 4548 V,
2242 4486 2302 4538 L.

694 4566 714 4595 ²
745 4564 878 4614 Here
902 4560 1053 4628 again
1081 4561 1222 4624 (vido
1248 4576 1297 4625 p.
1322 4564 1448 4623 288)
1470 4562 1520 4612 A
1539 4563 1632 4613 has

626 4643 706 4693 for
730 4642 842 4692 title
864 4640 1004 4689 Idem
1027 4639 1134 4705 [Le.
1156 4638 1412 4705 Thomas]
1435 4640 1634 4690 domino
1787 4694 1807 4725 ⁵
2085 4694 2095 4705 ,

634 4721 913 4780 Gratiano,
929 4721 1032 4769 and
1051 4720 1141 4769 the
1165 4718 1386 4786 heading
1403 4720 1494 4769 has
1508 4721 1634 4770 been
1844 4700 2143 4753 ⁸²”‘'‘“”⁸⁸⁰'’
2168 4694 2239 4744 V·

629 4800 822 4849 altered
843 4798 976 4847 from
998 4796 1133 4847 beati
1164 4794 1356 4847 Thomoe
1383 4799 1634 4861 martyris.

805 4914 838 4950 o
865 4900 1042 4951 12478.
2415 4894 2457 4942 Τ

1787 4588 1808 4621 ⁴
1827 4590 1960 4653 jam,
1986 4604 2085 4641 om.
2111 4591 2178 4642 L.
