<?xml version="1.0" encoding="UTF-8"?>
<!DOCTYPE html PUBLIC "-//W3C//DTD XHTML 1.0 Transitional//EN"
    "http://www.w3.org/TR/xhtml1/DTD/xhtml1-transitional.dtd">
<html xmlns="http://www.w3.org/1999/xhtml" xml:lang="en" lang="en">
 <head>
  <title>
</title>
<meta http-equiv="Content-Type" content="text/html;charset=utf-8" />
  <meta name='ocr-system' content='tesseract 3.04.00' />
  <meta name='ocr-capabilities' content='ocr_page ocr_carea ocr_par ocr_line ocrx_word'/>
</head>
<body>
  <div class='ocr_page' id='page_1' title='image "./materialsforhis00herbgoog_0377.png"; bbox 0 0 3634 5800; ppageno 0'>
   <div class='ocr_carea' id='block_1_1' title="bbox 912 842 3018 928">
    <p class='ocr_par' dir='ltr' id='par_1_1' title="bbox 912 842 3018 928">
     <span class='ocr_line' id='line_1_1' title="bbox 912 842 3018 928; baseline -0.001 -17"><span class='ocrx_word' id='word_1_1' title='bbox 912 849 988 913; x_wconf 81' lang='lat'><strong>35</strong></span> <span class='ocrx_word' id='word_1_2' title='bbox 1005 848 1041 910; x_wconf 72' lang='lat'>2</span> <span class='ocrx_word' id='word_1_3' title='bbox 1759 858 2120 908; x_wconf 72' lang='lat' dir='ltr'><strong>EmsroLAE.</strong></span> <span class='ocrx_word' id='word_1_4' title='bbox 2438 865 2441 870; x_wconf 94' lang='lat'>·</span> <span class='ocrx_word' id='word_1_5' title='bbox 2632 842 2795 928; x_wconf 65' lang='lat' dir='ltr'><strong>[Am.</strong></span> <span class='ocrx_word' id='word_1_6' title='bbox 2828 845 2861 906; x_wconf 94' lang='lat'>1</span> <span class='ocrx_word' id='word_1_7' title='bbox 2874 843 3018 910; x_wconf 82' lang='lat'>170.</span> 
     </span>
    </p>
   </div>
   <div class='ocr_carea' id='block_1_2' title="bbox 907 1045 3025 4280">
    <p class='ocr_par' dir='ltr' id='par_1_2' title="bbox 907 1045 3025 4280">
     <span class='ocr_line' id='line_1_2' title="bbox 909 1045 3018 1134; baseline -0.001 -22"><span class='ocrx_word' id='word_1_8' title='bbox 909 1050 1072 1113; x_wconf 87' lang='lat' dir='ltr'><strong>mihi</strong></span> <span class='ocrx_word' id='word_1_9' title='bbox 1121 1055 1395 1134; x_wconf 81' lang='lat' dir='ltr'><strong>experto</strong></span> <span class='ocrx_word' id='word_1_10' title='bbox 1441 1049 1701 1114; x_wconf 85' lang='lat' dir='ltr'><strong>credere</strong></span> <span class='ocrx_word' id='word_1_11' title='bbox 1749 1048 2057 1124; x_wconf 80' lang='lat' dir='ltr'><strong>nolucrit,</strong></span> <span class='ocrx_word' id='word_1_12' title='bbox 2104 1047 2389 1130; x_wconf 72' lang='lat' dir='ltr'><strong>qualiter</strong></span> <span class='ocrx_word' id='word_1_13' title='bbox 2432 1047 2561 1110; x_wconf 81' lang='lat' dir='ltr'><strong>sibi</strong></span> <span class='ocrx_word' id='word_1_14' title='bbox 2606 1051 2677 1110; x_wconf 90' lang='lat' dir='ltr'><strong>et</strong></span> <span class='ocrx_word' id='word_1_15' title='bbox 2737 1045 3018 1112; x_wconf 84' lang='lat' dir='ltr'><strong>ecclesiae</strong></span> 
     </span>
     <span class='ocr_line' id='line_1_3' title="bbox 907 1147 3017 1236; baseline -0.001 -22"><span class='ocrx_word' id='word_1_16' title='bbox 907 1149 1035 1214; x_wconf 83' lang='lat' dir='ltr'><strong>Dei</strong></span> <span class='ocrx_word' id='word_1_17' title='bbox 1099 1151 1428 1236; x_wconf 83' lang='lat' dir='ltr'><strong>agendum</strong></span> <span class='ocrx_word' id='word_1_18' title='bbox 1497 1154 1669 1213; x_wconf 90' lang='lat' dir='ltr'><strong>esset</strong></span> <span class='ocrx_word' id='word_1_19' title='bbox 1737 1171 1887 1212; x_wconf 85' lang='lat' dir='ltr'><strong>curn</strong></span> <span class='ocrx_word' id='word_1_20' title='bbox 1942 1148 2208 1212; x_wconf 86' lang='lat' dir='ltr'><strong>domino</strong></span> <span class='ocrx_word' id='word_1_21' title='bbox 2271 1169 2421 1232; x_wconf 88' lang='lat' dir='ltr'><strong>rege</strong></span> <span class='ocrx_word' id='word_1_22' title='bbox 2488 1147 2763 1233; x_wconf 73' lang='lat' dir='ltr'><strong>Angliae.</strong></span> <span class='ocrx_word' id='word_1_23' title='bbox 2856 1147 3017 1212; x_wconf 84' lang='lat' dir='ltr'><strong>Ecce</strong></span> 
     </span>
     <span class='ocr_line' id='line_1_4' title="bbox 909 1248 3017 1334; baseline -0.002 -18"><span class='ocrx_word' id='word_1_24' title='bbox 909 1253 1081 1316; x_wconf 90' lang='lat' dir='ltr'><strong>enim</strong></span> <span class='ocrx_word' id='word_1_25' title='bbox 1139 1259 1218 1316; x_wconf 88' lang='lat' dir='ltr'><strong>ut</strong></span> <span class='ocrx_word' id='word_1_26' title='bbox 1263 1251 1443 1316; x_wconf 85' lang='lat' dir='ltr'><strong>facta</strong></span> <span class='ocrx_word' id='word_1_27' title='bbox 1487 1256 1589 1315; x_wconf 89' lang='lat' dir='ltr'><strong>est</strong></span> <span class='ocrx_word' id='word_1_28' title='bbox 1634 1272 1768 1314; x_wconf 82' lang='lat' dir='ltr'><strong>vox</strong></span> <span class='ocrx_word' id='word_1_29' title='bbox 1813 1248 2231 1334; x_wconf 84' lang='lat' dir='ltr'><strong>nuperrime¹</strong></span> <span class='ocrx_word' id='word_1_30' title='bbox 2282 1248 2813 1313; x_wconf 69' lang='lat' dir='ltr'><strong>comminationis</strong></span> <span class='ocrx_word' id='word_1_31' title='bbox 2865 1268 3017 1332; x_wconf 87' lang='lat' dir='ltr'><strong>apo-</strong></span> 
     </span>
     <span class='ocr_line' id='line_1_5' title="bbox 907 1349 3015 1436; baseline -0.003 -19"><span class='ocrx_word' id='word_1_32' title='bbox 907 1354 1157 1418; x_wconf 88' lang='lat' dir='ltr'><strong>stolicae</strong></span> <span class='ocrx_word' id='word_1_33' title='bbox 1204 1355 1274 1417; x_wconf 88' lang='lat' dir='ltr'><strong>in</strong></span> <span class='ocrx_word' id='word_1_34' title='bbox 1306 1353 1576 1418; x_wconf 89' lang='lat' dir='ltr'><strong>auribus</strong></span> <span class='ocrx_word' id='word_1_35' title='bbox 1621 1352 1780 1436; x_wconf 86' lang='lat' dir='ltr'><strong>ejus,</strong></span> <span class='ocrx_word' id='word_1_36' title='bbox 1815 1373 1947 1436; x_wconf 89' lang='lat' dir='ltr'><strong>qua</strong></span> <span class='ocrx_word' id='word_1_37' title='bbox 1978 1351 2279 1416; x_wconf 84' lang='lat' dir='ltr'><strong>constitit</strong></span> <span class='ocrx_word' id='word_1_38' title='bbox 2322 1351 2541 1436; x_wconf 86' lang='lat' dir='ltr'><strong>ipsum</strong></span> <span class='ocrx_word' id='word_1_39' title='bbox 2571 1349 3015 1435; x_wconf 87' lang='lat' dir='ltr'><strong>reponendum</strong></span> 
     </span>
     <span class='ocr_line' id='line_1_6' title="bbox 908 1452 3017 1538; baseline -0.002 -20"><span class='ocrx_word' id='word_1_40' title='bbox 908 1475 1046 1518; x_wconf 87' lang='lat' dir='ltr'><strong>esse</strong></span> <span class='ocrx_word' id='word_1_41' title='bbox 1079 1456 1150 1518; x_wconf 90' lang='lat' dir='ltr'><strong>in</strong></span> <span class='ocrx_word' id='word_1_42' title='bbox 1179 1455 1557 1520; x_wconf 88' lang='lat' dir='ltr'><strong>conditione</strong></span> <span class='ocrx_word' id='word_1_43' title='bbox 1605 1453 1933 1518; x_wconf 88' lang='lat' dir='ltr'><strong>Frederici</strong></span> <span class='ocrx_word' id='word_1_44' title='bbox 1953 1452 1978 1491; x_wconf 80' lang='lat'><strong>²</strong></span> <span class='ocrx_word' id='word_1_45' title='bbox 2008 1453 2169 1518; x_wconf 83' lang='lat' dir='ltr'><strong>dicti</strong></span> <span class='ocrx_word' id='word_1_46' title='bbox 2215 1453 2645 1538; x_wconf 55' lang='lat' dir='ltr'><strong>imperatoria</strong></span> <span class='ocrx_word' id='word_1_47' title='bbox 2677 1457 2747 1516; x_wconf 90' lang='lat' dir='ltr'><strong>et</strong></span> <span class='ocrx_word' id='word_1_48' title='bbox 2775 1455 3017 1516; x_wconf 87' lang='lat' dir='ltr'><strong>terram</strong></span> 
     </span>
     <span class='ocr_line' id='line_1_7' title="bbox 909 1551 3019 1642; baseline -0.002 -23"><span class='ocrx_word' id='word_1_49' title='bbox 909 1556 1051 1640; x_wconf 89' lang='lat' dir='ltr'><strong>ejus</strong></span> <span class='ocrx_word' id='word_1_50' title='bbox 1096 1555 1573 1642; x_wconf 81' lang='lat' dir='ltr'><strong>subjiciendam</strong></span> <span class='ocrx_word' id='word_1_51' title='bbox 1621 1577 1757 1620; x_wconf 85' lang='lat' dir='ltr'><strong>esse</strong></span> <span class='ocrx_word' id='word_1_52' title='bbox 1803 1554 2177 1633; x_wconf 83' lang='lat' dir='ltr'><strong>interdictO,</strong></span> <span class='ocrx_word' id='word_1_53' title='bbox 2224 1559 2295 1618; x_wconf 89' lang='lat' dir='ltr'><strong>ct</strong></span> <span class='ocrx_word' id='word_1_54' title='bbox 2338 1554 2641 1618; x_wconf 88' lang='lat' dir='ltr'><strong>mandati</strong></span> <span class='ocrx_word' id='word_1_55' title='bbox 2708 1551 3019 1638; x_wconf 82' lang='lat' dir='ltr'><strong>praevari-</strong></span> 
     </span>
     <span class='ocr_line' id='line_1_8' title="bbox 908 1653 3019 1744; baseline -0.003 -21"><span class='ocrx_word' id='word_1_56' title='bbox 908 1663 1161 1724; x_wconf 85' lang='lat' dir='ltr'><strong>catores</strong></span> <span class='ocrx_word' id='word_1_57' title='bbox 1222 1659 1554 1744; x_wconf 83' lang='lat' dir='ltr'><strong>episcopos</strong></span> <span class='ocrx_word' id='word_1_58' title='bbox 1632 1655 2127 1742; x_wconf 83' lang='lat' dir='ltr'><strong>suspendendos</strong></span> <span class='ocrx_word' id='word_1_59' title='bbox 2203 1661 2273 1720; x_wconf 90' lang='lat' dir='ltr'><strong>et</strong></span> <span class='ocrx_word' id='word_1_60' title='bbox 2346 1653 3019 1730; x_wconf 85' lang='lat' dir='ltr'><strong>excommunicandos,</strong></span> 
     </span>
     <span class='ocr_line' id='line_1_9' title="bbox 909 1755 3019 1842; baseline -0.002 -19"><span class='ocrx_word' id='word_1_61' title='bbox 909 1760 1086 1826; x_wconf 90' lang='lat' dir='ltr'><strong>illico</strong></span> <span class='ocrx_word' id='word_1_62' title='bbox 1130 1761 1215 1825; x_wconf 90' lang='lat' dir='ltr'><strong>ad</strong></span> <span class='ocrx_word' id='word_1_63' title='bbox 1261 1759 1575 1825; x_wconf 83' lang='lat' dir='ltr'><strong>honorem</strong></span> <span class='ocrx_word' id='word_1_64' title='bbox 1625 1759 1748 1823; x_wconf 90' lang='lat' dir='ltr'><strong>Dei</strong></span> <span class='ocrx_word' id='word_1_65' title='bbox 1793 1763 1865 1822; x_wconf 90' lang='lat' dir='ltr'><strong>et</strong></span> <span class='ocrx_word' id='word_1_66' title='bbox 1910 1757 2193 1824; x_wconf 84' lang='lat' dir='ltr'><strong>ecclesiae</strong></span> <span class='ocrx_word' id='word_1_67' title='bbox 2242 1757 2348 1842; x_wconf 87' lang='lat' dir='ltr'><strong>(ut</strong></span> <span class='ocrx_word' id='word_1_68' title='bbox 2402 1779 2485 1822; x_wconf 85' lang='lat' dir='ltr'><strong>ex</strong></span> <span class='ocrx_word' id='word_1_69' title='bbox 2532 1755 3019 1822; x_wconf 81' lang='lat' dir='ltr'><strong>conditionibus</strong></span> 
     </span>
     <span class='ocr_line' id='line_1_10' title="bbox 910 1859 3019 1948; baseline -0.002 -22"><span class='ocrx_word' id='word_1_70' title='bbox 910 1864 1178 1929; x_wconf 87' lang='lat' dir='ltr'><strong>insertis</strong></span> <span class='ocrx_word' id='word_1_71' title='bbox 1224 1870 1415 1948; x_wconf 88' lang='lat' dir='ltr'><strong>pacto</strong></span> <span class='ocrx_word' id='word_1_72' title='bbox 1461 1861 1714 1946; x_wconf 82' lang='lat' dir='ltr'><strong>concipi</strong></span> <span class='ocrx_word' id='word_1_73' title='bbox 1780 1860 2043 1936; x_wconf 87' lang='lat' dir='ltr'><strong>debuit)</strong></span> <span class='ocrx_word' id='word_1_74' title='bbox 2103 1861 2485 1940; x_wconf 70' lang='lat' dir='ltr'><strong>utilitatem,</strong></span> <span class='ocrx_word' id='word_1_75' title='bbox 2552 1881 2778 1946; x_wconf 86' lang='lat' dir='ltr'><strong>pacem</strong></span> <span class='ocrx_word' id='word_1_76' title='bbox 2846 1859 3019 1935; x_wconf 85' lang='lat' dir='ltr'><strong>fecit,</strong></span> 
     </span>
     <span class='ocr_line' id='line_1_11' title="bbox 911 1963 3021 2052; baseline -0.002 -20"><span class='ocrx_word' id='word_1_77' title='bbox 911 1966 1100 2052; x_wconf 87' lang='lat' dir='ltr'><strong>cujus</strong></span> <span class='ocrx_word' id='word_1_78' title='bbox 1145 1965 1423 2031; x_wconf 87' lang='lat' dir='ltr'><strong>formam</strong></span> <span class='ocrx_word' id='word_1_79' title='bbox 1469 1987 1554 2029; x_wconf 83' lang='lat' dir='ltr'><strong>ex</strong></span> <span class='ocrx_word' id='word_1_80' title='bbox 1601 1964 1845 2029; x_wconf 86' lang='lat' dir='ltr'><strong>litteris</strong></span> <span class='ocrx_word' id='word_1_81' title='bbox 1892 1963 2162 2028; x_wconf 90' lang='lat' dir='ltr'><strong>domino</strong></span> <span class='ocrx_word' id='word_1_82' title='bbox 2226 1985 2416 2048; x_wconf 86' lang='lat' dir='ltr'><strong>papae</strong></span> <span class='ocrx_word' id='word_1_83' title='bbox 2462 1963 2678 2027; x_wconf 87' lang='lat' dir='ltr'><strong>missis</strong></span> <span class='ocrx_word' id='word_1_84' title='bbox 2747 1963 3021 2048; x_wconf 84' lang='lat' dir='ltr'><strong>planum</strong></span> 
     </span>
     <span class='ocr_line' id='line_1_12' title="bbox 911 2064 3021 2153; baseline -0 -22"><span class='ocrx_word' id='word_1_85' title='bbox 911 2073 1012 2132; x_wconf 67' lang='lat' dir='ltr'><strong>aet</strong></span> <span class='ocrx_word' id='word_1_86' title='bbox 1073 2067 1456 2153; x_wconf 87' lang='lat' dir='ltr'><strong>intelligere.</strong></span> <span class='ocrx_word' id='word_1_87' title='bbox 1550 2066 1693 2130; x_wconf 90' lang='lat' dir='ltr'><strong>Nec</strong></span> <span class='ocrx_word' id='word_1_88' title='bbox 1753 2065 2030 2130; x_wconf 85' lang='lat' dir='ltr'><strong>dubium</strong></span> <span class='ocrx_word' id='word_1_89' title='bbox 2092 2065 2255 2150; x_wconf 89' lang='lat' dir='ltr'><strong>quin</strong></span> <span class='ocrx_word' id='word_1_90' title='bbox 2318 2065 2491 2129; x_wconf 87' lang='lat' dir='ltr'><strong>infra</strong></span> <span class='ocrx_word' id='word_1_91' title='bbox 2552 2064 2715 2129; x_wconf 89' lang='lat' dir='ltr'><strong>duos</strong></span> <span class='ocrx_word' id='word_1_92' title='bbox 2774 2066 3021 2150; x_wconf 85' lang='lat' dir='ltr'><strong>primos</strong></span> 
     </span>
     <span class='ocr_line' id='line_1_13' title="bbox 913 2165 3021 2243; baseline 0.001 -13"><span class='ocrx_word' id='word_1_93' title='bbox 913 2167 1132 2232; x_wconf 86' lang='lat' dir='ltr'><strong>exsilii</strong></span> <span class='ocrx_word' id='word_1_94' title='bbox 1178 2168 1389 2232; x_wconf 84' lang='lat' dir='ltr'><strong>nostri</strong></span> <span class='ocrx_word' id='word_1_95' title='bbox 1435 2188 1644 2233; x_wconf 87' lang='lat' dir='ltr'><strong>annos</strong></span> <span class='ocrx_word' id='word_1_96' title='bbox 1691 2188 1836 2231; x_wconf 89' lang='lat' dir='ltr'><strong>eam</strong></span> <span class='ocrx_word' id='word_1_97' title='bbox 1885 2167 2159 2243; x_wconf 83' lang='lat' dir='ltr'><strong>fecisset,</strong></span> <span class='ocrx_word' id='word_1_98' title='bbox 2210 2167 2265 2230; x_wconf 89' lang='lat' dir='ltr'><strong>si</strong></span> <span class='ocrx_word' id='word_1_99' title='bbox 2312 2187 2463 2230; x_wconf 88' lang='lat' dir='ltr'><strong>eum</strong></span> <span class='ocrx_word' id='word_1_100' title='bbox 2510 2165 2596 2230; x_wconf 85' lang='lat' dir='ltr'><strong>ab</strong></span> <span class='ocrx_word' id='word_1_101' title='bbox 2642 2166 2838 2232; x_wconf 91' lang='lat' dir='ltr'><strong>initio</strong></span> <span class='ocrx_word' id='word_1_102' title='bbox 2896 2167 3021 2232; x_wconf 89' lang='lat' dir='ltr'><strong>hac</strong></span> 
     </span>
     <span class='ocr_line' id='line_1_14' title="bbox 913 2267 3019 2356; baseline 0 -24"><span class='ocrx_word' id='word_1_103' title='bbox 913 2269 1030 2334; x_wconf 88' lang='lat' dir='ltr'><strong>via</strong></span> <span class='ocrx_word' id='word_1_104' title='bbox 1071 2291 1416 2355; x_wconf 80' lang='lat' dir='ltr'><strong>aggressus</strong></span> <span class='ocrx_word' id='word_1_105' title='bbox 1439 2267 1465 2306; x_wconf 78' lang='lat'>³</span> <span class='ocrx_word' id='word_1_106' title='bbox 1511 2273 1684 2333; x_wconf 83' lang='lat' dir='ltr'><strong>esset</strong></span> <span class='ocrx_word' id='word_1_107' title='bbox 1727 2269 2036 2332; x_wconf 83' lang='lat' dir='ltr'><strong>(lominus</strong></span> <span class='ocrx_word' id='word_1_108' title='bbox 2090 2289 2280 2353; x_wconf 88' lang='lat' dir='ltr'><strong>papa,</strong></span> <span class='ocrx_word' id='word_1_109' title='bbox 2312 2273 2432 2333; x_wconf 88' lang='lat' dir='ltr'><strong>aut</strong></span> <span class='ocrx_word' id='word_1_110' title='bbox 2478 2290 2640 2353; x_wconf 89' lang='lat' dir='ltr'><strong>quos</strong></span> <span class='ocrx_word' id='word_1_111' title='bbox 2672 2269 2756 2334; x_wconf 85' lang='lat' dir='ltr'><strong>ad</strong></span> <span class='ocrx_word' id='word_1_112' title='bbox 2804 2269 3019 2356; x_wconf 85' lang='lat' dir='ltr'><strong>ipsum</strong></span> 
     </span>
     <span class='ocr_line' id='line_1_15' title="bbox 912 2369 3023 2455; baseline 0.001 -21"><span class='ocrx_word' id='word_1_113' title='bbox 912 2372 1278 2436; x_wconf 85' lang='lat' dir='ltr'><strong>destinavit</strong></span> <span class='ocrx_word' id='word_1_114' title='bbox 1355 2371 1428 2435; x_wconf 87' lang='lat' dir='ltr'><strong>in</strong></span> <span class='ocrx_word' id='word_1_115' title='bbox 1503 2369 1732 2455; x_wconf 87' lang='lat' dir='ltr'><strong>primis</strong></span> <span class='ocrx_word' id='word_1_116' title='bbox 1809 2369 2200 2434; x_wconf 72' lang='lat' dir='ltr'><strong>habuissent</strong></span> <span class='ocrx_word' id='word_1_117' title='bbox 2288 2370 2596 2455; x_wconf 84' lang='lat' dir='ltr'><strong>spiritum</strong></span> <span class='ocrx_word' id='word_1_118' title='bbox 2684 2372 3023 2436; x_wconf 69' lang='lat' dir='ltr'><strong>vestrum.⁴</strong></span> 
     </span>
     <span class='ocr_line' id='line_1_16' title="bbox 916 2471 3019 2557; baseline 0 -21"><span class='ocrx_word' id='word_1_119' title='bbox 916 2472 1092 2552; x_wconf 81' lang='lat' dir='ltr'><strong>Quid</strong></span> <span class='ocrx_word' id='word_1_120' title='bbox 1139 2473 1316 2538; x_wconf 90' lang='lat' dir='ltr'><strong>enim</strong></span> <span class='ocrx_word' id='word_1_121' title='bbox 1363 2495 1481 2537; x_wconf 85' lang='lat' dir='ltr'><strong>rex</strong></span> <span class='ocrx_word' id='word_1_122' title='bbox 1527 2471 1855 2557; x_wconf 78' lang='lat' dir='ltr'><strong>potuisset</strong></span> <span class='ocrx_word' id='word_1_123' title='bbox 1900 2471 1971 2534; x_wconf 87' lang='lat' dir='ltr'><strong>in</strong></span> <span class='ocrx_word' id='word_1_124' title='bbox 2017 2471 2185 2550; x_wconf 83' lang='lat' dir='ltr'><strong>illos,</strong></span> <span class='ocrx_word' id='word_1_125' title='bbox 2230 2494 2379 2536; x_wconf 89' lang='lat' dir='ltr'><strong>cum</strong></span> <span class='ocrx_word' id='word_1_126' title='bbox 2427 2477 2745 2557; x_wconf 87' lang='lat' dir='ltr'><strong>perpetuo</strong></span> <span class='ocrx_word' id='word_1_127' title='bbox 2790 2495 3019 2538; x_wconf 86' lang='lat' dir='ltr'><strong>verum</strong></span> 
     </span>
     <span class='ocr_line' id='line_1_17' title="bbox 913 2573 3022 2660; baseline -0 -22"><span class='ocrx_word' id='word_1_128' title='bbox 913 2576 1045 2640; x_wconf 87' lang='lat' dir='ltr'><strong>sit:</strong></span> <span class='ocrx_word' id='word_1_129' title='bbox 1093 2583 1124 2609; x_wconf 95' lang='lat'><strong>“</strong></span> <span class='ocrx_word' id='word_1_130' title='bbox 1149 2575 1293 2640; x_wconf 88' lang='lat' dir='ltr'><strong>Nec</strong></span> <span class='ocrx_word' id='word_1_131' title='bbox 1339 2595 1558 2660; x_wconf 84' lang='lat' dir='ltr'><strong>speres</strong></span> <span class='ocrx_word' id='word_1_132' title='bbox 1604 2573 1877 2658; x_wconf 85' lang='lat' dir='ltr'><strong>aliquid,</strong></span> <span class='ocrx_word' id='word_1_133' title='bbox 1924 2594 2043 2638; x_wconf 90' lang='lat' dir='ltr'><strong>nec</strong></span> <span class='ocrx_word' id='word_1_134' title='bbox 2109 2574 2515 2650; x_wconf 53' lang='lat' dir='ltr'><strong>extimescas</strong></span> <span class='ocrx_word' id='word_1_135' title='bbox 2580 2576 3022 2640; x_wconf 76' lang='lat' dir='ltr'><strong>exarmaveris</strong></span> 
     </span>
     <span class='ocr_line' id='line_1_18' title="bbox 913 2665 3020 2764; baseline 0 -23"><span class='ocrx_word' id='word_1_136' title='bbox 913 2687 946 2711; x_wconf 91' lang='lat'><strong>“</strong></span> <span class='ocrx_word' id='word_1_137' title='bbox 993 2679 1356 2764; x_wconf 88' lang='lat' dir='ltr'><strong>inpotentis</strong></span> <span class='ocrx_word' id='word_1_138' title='bbox 1379 2678 1406 2715; x_wconf 80' lang='lat'><strong>⁶</strong></span> <span class='ocrx_word' id='word_1_139' title='bbox 1471 2665 1645 2741; x_wconf 57' lang='lat' dir='ltr'><strong>&#39;iram</strong></span> <span class='ocrx_word' id='word_1_140' title='bbox 1669 2675 1751 2738; x_wconf 71' lang='lat'><strong>”2</strong></span> <span class='ocrx_word' id='word_1_141' title='bbox 1841 2675 1985 2738; x_wconf 89' lang='lat' dir='ltr'><strong>Aut</strong></span> <span class='ocrx_word' id='word_1_142' title='bbox 2082 2675 2245 2759; x_wconf 89' lang='lat' dir='ltr'><strong>quid</strong></span> <span class='ocrx_word' id='word_1_143' title='bbox 2342 2677 2635 2741; x_wconf 84' lang='lat' dir='ltr'><strong>tentavit</strong></span> <span class='ocrx_word' id='word_1_144' title='bbox 2720 2677 2794 2740; x_wconf 91' lang='lat' dir='ltr'><strong>in</strong></span> <span class='ocrx_word' id='word_1_145' title='bbox 2885 2698 3020 2756; x_wconf 88' lang='lat' dir='ltr'><strong>vos,</strong></span> 
     </span>
     <span class='ocr_line' id='line_1_19' title="bbox 913 2777 3022 2866; baseline -0.001 -21"><span class='ocrx_word' id='word_1_146' title='bbox 913 2802 1109 2864; x_wconf 89' lang='lat' dir='ltr'><strong>quem</strong></span> <span class='ocrx_word' id='word_1_147' title='bbox 1157 2804 1278 2846; x_wconf 87' lang='lat' dir='ltr'><strong>nec</strong></span> <span class='ocrx_word' id='word_1_148' title='bbox 1323 2801 1531 2866; x_wconf 89' lang='lat' dir='ltr'><strong>prece,</strong></span> <span class='ocrx_word' id='word_1_149' title='bbox 1576 2801 1696 2842; x_wconf 90' lang='lat' dir='ltr'><strong>nec</strong></span> <span class='ocrx_word' id='word_1_150' title='bbox 1742 2778 1975 2862; x_wconf 89' lang='lat' dir='ltr'><strong>preti0‚</strong></span> <span class='ocrx_word' id='word_1_151' title='bbox 2023 2800 2143 2842; x_wconf 89' lang='lat' dir='ltr'><strong>nec</strong></span> <span class='ocrx_word' id='word_1_152' title='bbox 2186 2777 2550 2853; x_wconf 72' lang='lat' dir='ltr'><strong>blanditiis,</strong></span> <span class='ocrx_word' id='word_1_153' title='bbox 2618 2800 2739 2844; x_wconf 92' lang='lat' dir='ltr'><strong>nec</strong></span> <span class='ocrx_word' id='word_1_154' title='bbox 2806 2779 3022 2856; x_wconf 87' lang='lat' dir='ltr'><strong>minis,</strong></span> 
     </span>
     <span class='ocr_line' id='line_1_20' title="bbox 912 2877 3025 2967; baseline -0.001 -19"><span class='ocrx_word' id='word_1_155' title='bbox 912 2888 1033 2949; x_wconf 90' lang='lat' dir='ltr'><strong>aut</strong></span> <span class='ocrx_word' id='word_1_156' title='bbox 1079 2883 1598 2967; x_wconf 85' lang='lat' dir='ltr'><strong>quibuscumque</strong></span> <span class='ocrx_word' id='word_1_157' title='bbox 1663 2877 2243 2944; x_wconf 79' lang='lat' dir='ltr'><strong>sollicitationibus</strong></span> <span class='ocrx_word' id='word_1_158' title='bbox 2289 2879 2631 2945; x_wconf 87' lang='lat' dir='ltr'><strong>deflectere</strong></span> <span class='ocrx_word' id='word_1_159' title='bbox 2698 2883 2922 2967; x_wconf 90' lang='lat' dir='ltr'><strong>potuit</strong></span> <span class='ocrx_word' id='word_1_160' title='bbox 2982 2904 3025 2945; x_wconf 90' lang='lat' dir='ltr'><strong>a</strong></span> 
     </span>
     <span class='ocr_line' id='line_1_21' title="bbox 911 2981 3021 3069; baseline -0 -21"><span class='ocrx_word' id='word_1_161' title='bbox 911 2984 1026 3049; x_wconf 86' lang='lat' dir='ltr'><strong>via</strong></span> <span class='ocrx_word' id='word_1_162' title='bbox 1084 2988 1306 3050; x_wconf 64' lang='lat' dir='ltr'><strong>recta?</strong></span> <span class='ocrx_word' id='word_1_163' title='bbox 1394 2984 1642 3047; x_wconf 84' lang='lat' dir='ltr'><strong>Verum</strong></span> <span class='ocrx_word' id='word_1_164' title='bbox 1707 2981 1865 3065; x_wconf 89' lang='lat' dir='ltr'><strong>quia</strong></span> <span class='ocrx_word' id='word_1_165' title='bbox 1910 2981 2209 3046; x_wconf 86' lang='lat' dir='ltr'><strong>Romana</strong></span> <span class='ocrx_word' id='word_1_166' title='bbox 2276 2982 2545 3047; x_wconf 85' lang='lat' dir='ltr'><strong>ecclesia</strong></span> <span class='ocrx_word' id='word_1_167' title='bbox 2592 2984 2797 3068; x_wconf 85' lang='lat' dir='ltr'><strong>(quod</strong></span> <span class='ocrx_word' id='word_1_168' title='bbox 2864 3004 3021 3069; x_wconf 89' lang='lat' dir='ltr'><strong>pace</strong></span> 
     </span>
     <span class='ocr_line' id='line_1_22' title="bbox 913 3082 3023 3169; baseline 0 -20"><span class='ocrx_word' id='word_1_169' title='bbox 913 3086 1210 3150; x_wconf 90' lang='lat' dir='ltr'><strong>omnium</strong></span> <span class='ocrx_word' id='word_1_170' title='bbox 1256 3086 1329 3149; x_wconf 92' lang='lat' dir='ltr'><strong>in</strong></span> <span class='ocrx_word' id='word_1_171' title='bbox 1382 3106 1548 3149; x_wconf 41' lang='lat' dir='ltr'><strong>&gt;aure</strong></span> <span class='ocrx_word' id='word_1_172' title='bbox 1596 3087 1817 3147; x_wconf 89' lang='lat' dir='ltr'><strong>vestra</strong></span> <span class='ocrx_word' id='word_1_173' title='bbox 1887 3082 2197 3167; x_wconf 79' lang='lat' dir='ltr'><strong>dixerim)</strong></span> <span class='ocrx_word' id='word_1_174' title='bbox 2246 3084 2471 3169; x_wconf 89' lang='lat' dir='ltr'><strong>posuit</strong></span> <span class='ocrx_word' id='word_1_175' title='bbox 2533 3085 3023 3151; x_wconf 84' lang='lat' dir='ltr'><strong>firmamentum</strong></span> 
     </span>
     <span class='ocr_line' id='line_1_23' title="bbox 912 3186 3023 3272; baseline 0 -22"><span class='ocrx_word' id='word_1_176' title='bbox 912 3208 1106 3251; x_wconf 88' lang='lat' dir='ltr'><strong>suum</strong></span> <span class='ocrx_word' id='word_1_177' title='bbox 1152 3186 1589 3261; x_wconf 88' lang='lat' dir='ltr'><strong>formidinem,</strong></span> <span class='ocrx_word' id='word_1_178' title='bbox 1635 3189 1756 3248; x_wconf 88' lang='lat' dir='ltr'><strong>aut</strong></span> <span class='ocrx_word' id='word_1_179' title='bbox 1799 3206 1903 3247; x_wconf 86' lang='lat' dir='ltr'><strong>res</strong></span> <span class='ocrx_word' id='word_1_180' title='bbox 1949 3188 2195 3269; x_wconf 86' lang='lat' dir='ltr'><strong>captat,</strong></span> <span class='ocrx_word' id='word_1_181' title='bbox 2242 3190 2363 3248; x_wconf 88' lang='lat' dir='ltr'><strong>aut</strong></span> <span class='ocrx_word' id='word_1_182' title='bbox 2406 3206 2719 3270; x_wconf 83' lang='lat' dir='ltr'><strong>personas</strong></span> <span class='ocrx_word' id='word_1_183' title='bbox 2765 3186 3023 3272; x_wconf 86' lang='lat' dir='ltr'><strong>accipit,</strong></span> 
     </span>
     <span class='ocr_line' id='line_1_24' title="bbox 913 3286 3023 3373; baseline 0 -21"><span class='ocrx_word' id='word_1_184' title='bbox 913 3294 982 3352; x_wconf 88' lang='lat' dir='ltr'><strong>et</strong></span> <span class='ocrx_word' id='word_1_185' title='bbox 1079 3288 1495 3365; x_wconf 84' lang='lat' dir='ltr'><strong>auctoritate,</strong></span> <span class='ocrx_word' id='word_1_186' title='bbox 1589 3308 1721 3371; x_wconf 87' lang='lat' dir='ltr'><strong>qua</strong></span> <span class='ocrx_word' id='word_1_187' title='bbox 1801 3286 2205 3371; x_wconf 79' lang='lat' dir='ltr'><strong>praeeminet,</strong></span> <span class='ocrx_word' id='word_1_188' title='bbox 2295 3286 2527 3371; x_wconf 88' lang='lat' dir='ltr'><strong>iniqua</strong></span> <span class='ocrx_word' id='word_1_189' title='bbox 2638 3289 3023 3373; x_wconf 85' lang='lat' dir='ltr'><strong>gerentibus</strong></span> 
     </span>
     <span class='ocr_line' id='line_1_25' title="bbox 913 3386 3021 3474; baseline 0.001 -22"><span class='ocrx_word' id='word_1_190' title='bbox 913 3410 1049 3453; x_wconf 88' lang='lat' dir='ltr'><strong>non</strong></span> <span class='ocrx_word' id='word_1_191' title='bbox 1129 3389 1431 3466; x_wconf 89' lang='lat' dir='ltr'><strong>occurrit,</strong></span> <span class='ocrx_word' id='word_1_192' title='bbox 1509 3394 1876 3474; x_wconf 84' lang='lat' dir='ltr'><strong>propterea,</strong></span> <span class='ocrx_word' id='word_1_193' title='bbox 1939 3386 2200 3473; x_wconf 86' lang='lat' dir='ltr'><strong>flagella</strong></span> <span class='ocrx_word' id='word_1_194' title='bbox 2280 3388 2406 3451; x_wconf 90' lang='lat' dir='ltr'><strong>Dei</strong></span> <span class='ocrx_word' id='word_1_195' title='bbox 2465 3389 2713 3473; x_wconf 87' lang='lat' dir='ltr'><strong>gravia,</strong></span> <span class='ocrx_word' id='word_1_196' title='bbox 2761 3395 2829 3455; x_wconf 90' lang='lat' dir='ltr'><strong>et</strong></span> <span class='ocrx_word' id='word_1_197' title='bbox 2894 3391 3021 3456; x_wconf 88' lang='lat' dir='ltr'><strong>toti</strong></span> 
     </span>
     <span class='ocr_line' id='line_1_26' title="bbox 913 3488 3023 3575; baseline 0 -22"><span class='ocrx_word' id='word_1_198' title='bbox 913 3490 1161 3555; x_wconf 88' lang='lat' dir='ltr'><strong>mundo</strong></span> <span class='ocrx_word' id='word_1_199' title='bbox 1207 3492 1327 3553; x_wconf 83' lang='lat' dir='ltr'><strong>vix</strong></span> <span class='ocrx_word' id='word_1_200' title='bbox 1373 3488 1728 3575; x_wconf 88' lang='lat' dir='ltr'><strong>portabilia</strong></span> <span class='ocrx_word' id='word_1_201' title='bbox 1773 3489 2057 3552; x_wconf 88' lang='lat' dir='ltr'><strong>veniunt</strong></span> <span class='ocrx_word' id='word_1_202' title='bbox 2102 3510 2299 3573; x_wconf 83' lang='lat' dir='ltr'><strong>super</strong></span> <span class='ocrx_word' id='word_1_203' title='bbox 2344 3510 2506 3567; x_wconf 90' lang='lat' dir='ltr'><strong>eam,</strong></span> <span class='ocrx_word' id='word_1_204' title='bbox 2550 3496 2631 3554; x_wconf 89' lang='lat' dir='ltr'><strong>ut</strong></span> <span class='ocrx_word' id='word_1_205' title='bbox 2692 3491 3023 3556; x_wconf 84' lang='lat' dir='ltr'><strong>instabilis</strong></span> 
     </span>
     <span class='ocr_line' id='line_1_27' title="bbox 913 3590 3021 3677; baseline 0.001 -22"><span class='ocrx_word' id='word_1_206' title='bbox 913 3592 1094 3657; x_wconf 85' lang='lat' dir='ltr'><strong>facta</strong></span> <span class='ocrx_word' id='word_1_207' title='bbox 1139 3592 1362 3677; x_wconf 82' lang='lat' dir='ltr'><strong>fugiat</strong></span> <span class='ocrx_word' id='word_1_208' title='bbox 1406 3613 1447 3655; x_wconf 91' lang='lat' dir='ltr'><strong>a</strong></span> <span class='ocrx_word' id='word_1_209' title='bbox 1507 3590 1673 3655; x_wconf 86' lang='lat' dir='ltr'><strong>facie</strong></span> <span class='ocrx_word' id='word_1_210' title='bbox 1719 3590 2186 3675; x_wconf 52' lang='lat' dir='ltr'><strong>persequentia</strong></span> <span class='ocrx_word' id='word_1_211' title='bbox 2234 3597 2303 3655; x_wconf 89' lang='lat' dir='ltr'><strong>et</strong></span> <span class='ocrx_word' id='word_1_212' title='bbox 2349 3592 2419 3655; x_wconf 87' lang='lat' dir='ltr'><strong>in</strong></span> <span class='ocrx_word' id='word_1_213' title='bbox 2482 3592 3021 3658; x_wconf 84' lang='lat' dir='ltr'><strong>tribulationibus</strong></span> 
     </span>
     <span class='ocr_line' id='line_1_28' title="bbox 913 3676 3021 3781; baseline 0.003 -28"><span class='ocrx_word' id='word_1_214' title='bbox 913 3694 1034 3757; x_wconf 82' lang='lat' dir='ltr'><strong>vix</strong></span> <span class='ocrx_word' id='word_1_215' title='bbox 1079 3694 1418 3759; x_wconf 85' lang='lat' dir='ltr'><strong>subsistat.</strong></span> <span class='ocrx_word' id='word_1_216' title='bbox 1511 3691 1643 3756; x_wconf 85' lang='lat' dir='ltr'><strong>Sed</strong></span> <span class='ocrx_word' id='word_1_217' title='bbox 1693 3692 1872 3777; x_wconf 88' lang='lat' dir='ltr'><strong>apud</strong></span> <span class='ocrx_word' id='word_1_218' title='bbox 1919 3713 2115 3775; x_wconf 89' lang='lat' dir='ltr'><strong>quem</strong></span> <span class='ocrx_word' id='word_1_219' title='bbox 2162 3694 2407 3759; x_wconf 83' lang='lat' dir='ltr'><strong>rectius</strong></span> <span class='ocrx_word' id='word_1_220' title='bbox 2474 3676 2604 3758; x_wconf 82' lang='lat' dir='ltr'><strong>ista</strong></span> <span class='ocrx_word' id='word_1_221' title='bbox 2669 3696 3021 3781; x_wconf 89' lang='lat' dir='ltr'><strong>deplorem,</strong></span> 
     </span>
     <span class='ocr_line' id='line_1_29' title="bbox 913 3792 3021 3881; baseline 0.001 -22"><span class='ocrx_word' id='word_1_222' title='bbox 913 3815 1112 3880; x_wconf 89' lang='lat' dir='ltr'><strong>quam</strong></span> <span class='ocrx_word' id='word_1_223' title='bbox 1143 3793 1321 3880; x_wconf 89' lang='lat' dir='ltr'><strong>apud</strong></span> <span class='ocrx_word' id='word_1_224' title='bbox 1368 3815 1537 3869; x_wconf 84' lang='lat' dir='ltr'><strong>eum,</strong></span> <span class='ocrx_word' id='word_1_225' title='bbox 1582 3793 1717 3877; x_wconf 91' lang='lat' dir='ltr'><strong>qui,</strong></span> <span class='ocrx_word' id='word_1_226' title='bbox 1763 3814 1804 3857; x_wconf 91' lang='lat' dir='ltr'><strong>a</strong></span> <span class='ocrx_word' id='word_1_227' title='bbox 1850 3792 2143 3877; x_wconf 73' lang='lat' dir='ltr'><strong>praefatis</strong></span> <span class='ocrx_word' id='word_1_228' title='bbox 2186 3794 2371 3858; x_wconf 89' lang='lat' dir='ltr'><strong>vitiis</strong></span> <span class='ocrx_word' id='word_1_229' title='bbox 2415 3816 2534 3880; x_wconf 84' lang='lat' dir='ltr'><strong>per</strong></span> <span class='ocrx_word' id='word_1_230' title='bbox 2576 3797 2864 3881; x_wconf 86' lang='lat' dir='ltr'><strong>gratiam</strong></span> <span class='ocrx_word' id='word_1_231' title='bbox 2894 3798 3021 3863; x_wconf 92' lang='lat' dir='ltr'><strong>Dei</strong></span> 
     </span>
     <span class='ocr_line' id='line_1_30' title="bbox 914 3892 3021 3978; baseline 0.002 -20"><span class='ocrx_word' id='word_1_232' title='bbox 914 3896 1230 3959; x_wconf 87' lang='lat' dir='ltr'><strong>immunis</strong></span> <span class='ocrx_word' id='word_1_233' title='bbox 1276 3892 1501 3970; x_wconf 78' lang='lat' dir='ltr'><strong>solus,⁶</strong></span> <span class='ocrx_word' id='word_1_234' title='bbox 1546 3893 1802 3957; x_wconf 88' lang='lat' dir='ltr'><strong>miseris</strong></span> <span class='ocrx_word' id='word_1_235' title='bbox 1834 3915 2211 3978; x_wconf 85' lang='lat' dir='ltr'><strong>compassus</strong></span> <span class='ocrx_word' id='word_1_236' title='bbox 2258 3900 2361 3959; x_wconf 83' lang='lat' dir='ltr'><strong>est</strong></span> <span class='ocrx_word' id='word_1_237' title='bbox 2392 3903 2461 3959; x_wconf 91' lang='lat' dir='ltr'><strong>et</strong></span> <span class='ocrx_word' id='word_1_238' title='bbox 2498 3896 2809 3962; x_wconf 82' lang='lat' dir='ltr'><strong>solatium</strong></span> <span class='ocrx_word' id='word_1_239' title='bbox 2843 3900 3021 3976; x_wconf 82' lang='lat' dir='ltr'><strong>tulit,</strong></span> 
     </span>
     <span class='ocr_line' id='line_1_31' title="bbox 913 3989 3021 4076; baseline 0.003 -20"><span class='ocrx_word' id='word_1_240' title='bbox 913 3996 982 4056; x_wconf 90' lang='lat' dir='ltr'><strong>et</strong></span> <span class='ocrx_word' id='word_1_241' title='bbox 1027 3996 1219 4055; x_wconf 89' lang='lat' dir='ltr'><strong>tanto</strong></span> <span class='ocrx_word' id='word_1_242' title='bbox 1279 3990 1418 4076; x_wconf 88' lang='lat' dir='ltr'><strong>regi</strong></span> <span class='ocrx_word' id='word_1_243' title='bbox 1483 4004 1552 4054; x_wconf 74' lang='lat' dir='ltr'><strong>et.</strong></span> <span class='ocrx_word' id='word_1_244' title='bbox 1597 3989 1905 4054; x_wconf 87' lang='lat' dir='ltr'><strong>omnibus</strong></span> <span class='ocrx_word' id='word_1_245' title='bbox 1974 3990 2400 4075; x_wconf 86' lang='lat' dir='ltr'><strong>complicibus</strong></span> <span class='ocrx_word' id='word_1_246' title='bbox 2446 3994 2583 4058; x_wconf 90' lang='lat' dir='ltr'><strong>suis</strong></span> <span class='ocrx_word' id='word_1_247' title='bbox 2646 3994 2717 4058; x_wconf 87' lang='lat' dir='ltr'><strong>in</strong></span> <span class='ocrx_word' id='word_1_248' title='bbox 2786 3996 3021 4062; x_wconf 80' lang='lat' dir='ltr'><strong>faciem</strong></span> 
     </span>
     <span class='ocr_line' id='line_1_32' title="bbox 913 4090 3021 4179; baseline 0.003 -23"><span class='ocrx_word' id='word_1_249' title='bbox 913 4092 1178 4169; x_wconf 90' lang='lat' dir='ltr'><strong>restitit,</strong></span> <span class='ocrx_word' id='word_1_250' title='bbox 1227 4112 1304 4156; x_wconf 90' lang='lat' dir='ltr'><strong>eo</strong></span> <span class='ocrx_word' id='word_1_251' title='bbox 1349 4090 1528 4176; x_wconf 92' lang='lat' dir='ltr'><strong>quod</strong></span> <span class='ocrx_word' id='word_1_252' title='bbox 1573 4095 1715 4155; x_wconf 84' lang='lat' dir='ltr'><strong>erat</strong></span> <span class='ocrx_word' id='word_1_253' title='bbox 1760 4090 2309 4175; x_wconf 87' lang='lat' dir='ltr'><strong>reprehensibilis,</strong></span> <span class='ocrx_word' id='word_1_254' title='bbox 2358 4098 2425 4158; x_wconf 84' lang='lat' dir='ltr'><strong>ct</strong></span> <span class='ocrx_word' id='word_1_255' title='bbox 2470 4096 2679 4179; x_wconf 86' lang='lat' dir='ltr'><strong>gratis</strong></span> <span class='ocrx_word' id='word_1_256' title='bbox 2710 4101 2779 4162; x_wconf 89' lang='lat' dir='ltr'><strong>et</strong></span> <span class='ocrx_word' id='word_1_257' title='bbox 2822 4098 3021 4162; x_wconf 87' lang='lat' dir='ltr'><strong>nimis</strong></span> 
     </span>
     <span class='ocr_line' id='line_1_33' title="bbox 915 4190 3023 4280; baseline 0.003 -22"><span class='ocrx_word' id='word_1_258' title='bbox 915 4194 1352 4280; x_wconf 86' lang='lat' dir='ltr'><strong>impugnabat</strong></span> <span class='ocrx_word' id='word_1_259' title='bbox 1394 4190 1779 4257; x_wconf 66' lang='lat' dir='ltr'><strong>ecclesiam?</strong></span> <span class='ocrx_word' id='word_1_260' title='bbox 1868 4190 1959 4255; x_wconf 89' lang='lat' dir='ltr'><strong>Et</strong></span> <span class='ocrx_word' id='word_1_261' title='bbox 2006 4192 2164 4276; x_wconf 86' lang='lat' dir='ltr'><strong>quia</strong></span> <span class='ocrx_word' id='word_1_262' title='bbox 2208 4195 2565 4261; x_wconf 81' lang='lat' dir='ltr'><strong>strenuitas</strong></span> <span class='ocrx_word' id='word_1_263' title='bbox 2598 4202 2821 4263; x_wconf 86' lang='lat' dir='ltr'><strong>vestra</strong></span> <span class='ocrx_word' id='word_1_264' title='bbox 2850 4198 3023 4265; x_wconf 85' lang='lat' dir='ltr'><strong>Can-</strong></span> 
     </span>
    </p>
   </div>
   <div class='ocr_carea' id='block_1_3' title="bbox 918 4335 1116 4344">
    <p class='ocr_par' dir='ltr' id='par_1_3' title="bbox 918 4335 1116 4344">
     <span class='ocr_line' id='line_1_34' title="bbox 918 4335 1116 4344; baseline 0 1456"><span class='ocrx_word' id='word_1_265' title='bbox 918 4335 1116 4344; x_wconf 95' lang='lat' dir='ltr'><strong> </strong></span> 
     </span>
    </p>
   </div>
   <div class='ocr_carea' id='block_1_4' title="bbox 977 4404 3018 4704">
    <p class='ocr_par' dir='ltr' id='par_1_4' title="bbox 979 4404 3018 4629">
     <span class='ocr_line' id='line_1_35' title="bbox 981 4404 2977 4473; baseline 0.003 -18"><span class='ocrx_word' id='word_1_266' title='bbox 981 4408 998 4441; x_wconf 86' lang='lat'>1</span> <span class='ocrx_word' id='word_1_267' title='bbox 1032 4406 1342 4471; x_wconf 78' lang='lat' dir='ltr'><strong>nuperrimoe,</strong></span> <span class='ocrx_word' id='word_1_268' title='bbox 1363 4404 1426 4454; x_wconf 82' lang='lat' dir='ltr'><strong>L.</strong></span> <span class='ocrx_word' id='word_1_269' title='bbox 2088 4404 2109 4435; x_wconf 84' lang='lat'><strong>⁵</strong></span> <span class='ocrx_word' id='word_1_270' title='bbox 2146 4406 2433 4470; x_wconf 62' lang='lat' dir='ltr'><strong>inpotentia,</strong></span> <span class='ocrx_word' id='word_1_271' title='bbox 2454 4410 2536 4467; x_wconf 65' lang='lat' dir='ltr'><strong>A,</strong></span> <span class='ocrx_word' id='word_1_272' title='bbox 2572 4410 2625 4458; x_wconf 71' lang='lat' dir='ltr'><strong>in</strong></span> <span class='ocrx_word' id='word_1_273' title='bbox 2648 4409 2895 4473; x_wconf 66' lang='lat' dir='ltr'><strong>Potentia,</strong></span> <span class='ocrx_word' id='word_1_274' title='bbox 2916 4414 2977 4464; x_wconf 90' lang='lat' dir='ltr'><strong>L.</strong></span> 
     </span>
     <span class='ocr_line' id='line_1_36' title="bbox 981 4482 3018 4553; baseline 0.003 -17"><span class='ocrx_word' id='word_1_275' title='bbox 981 4488 1002 4521; x_wconf 76' lang='lat'>²</span> <span class='ocrx_word' id='word_1_276' title='bbox 1035 4486 1311 4544; x_wconf 74' lang='lat' dir='ltr'><strong>Fredert&#39;ci,</strong></span> <span class='ocrx_word' id='word_1_277' title='bbox 1335 4500 1435 4533; x_wconf 90' lang='lat' dir='ltr'><strong>om.</strong></span> <span class='ocrx_word' id='word_1_278' title='bbox 1459 4484 1517 4533; x_wconf 85' lang='lat' dir='ltr'><strong>L.</strong></span> <span class='ocrx_word' id='word_1_279' title='bbox 2090 4482 2112 4513; x_wconf 80' lang='lat'>⁸</span> <span class='ocrx_word' id='word_1_280' title='bbox 2144 4482 2295 4546; x_wconf 71' lang='lat' dir='ltr'><strong>solus,</strong></span> <span class='ocrx_word' id='word_1_281' title='bbox 2324 4486 2381 4545; x_wconf 93' lang='lat' dir='ltr'><strong>Z,</strong></span> <span class='ocrx_word' id='word_1_282' title='bbox 2404 4486 2507 4535; x_wconf 83' lang='lat' dir='ltr'><strong>and</strong></span> <span class='ocrx_word' id='word_1_283' title='bbox 2536 4488 2607 4552; x_wconf 82' lang='lat' dir='ltr'><strong>by</strong></span> <span class='ocrx_word' id='word_1_284' title='bbox 2630 4490 2909 4541; x_wconf 83' lang='lat' dir='ltr'><strong>correction</strong></span> <span class='ocrx_word' id='word_1_285' title='bbox 2938 4494 2981 4543; x_wconf 73' lang='lat' dir='ltr'>A</span> <span class='ocrx_word' id='word_1_286' title='bbox 3004 4514 3018 4553; x_wconf 80' lang='lat'>3</span> 
     </span>
     <span class='ocr_line' id='line_1_37' title="bbox 979 4560 2423 4629; baseline -0.004 -15"><span class='ocrx_word' id='word_1_287' title='bbox 979 4566 1000 4597; x_wconf 73' lang='lat'><strong>³</strong></span> <span class='ocrx_word' id='word_1_288' title='bbox 1035 4580 1282 4629; x_wconf 65' lang='lat' dir='ltr'><strong>cyrenas,</strong></span> <span class='ocrx_word' id='word_1_289' title='bbox 1305 4562 1374 4613; x_wconf 88' lang='lat' dir='ltr'><strong>V.</strong></span> <span class='ocrx_word' id='word_1_290' title='bbox 2020 4560 2159 4621; x_wconf 68' lang='lat' dir='ltr'><strong>solie,</strong></span> <span class='ocrx_word' id='word_1_291' title='bbox 2184 4563 2247 4621; x_wconf 90' lang='lat' dir='ltr'><strong>V,</strong></span> <span class='ocrx_word' id='word_1_292' title='bbox 2273 4562 2343 4621; x_wconf 84' lang='lat' dir='ltr'><strong>O,</strong></span> <span class='ocrx_word' id='word_1_293' title='bbox 2362 4564 2423 4613; x_wconf 88' lang='lat' dir='ltr'><strong>L.</strong></span> 
     </span>
    </p>

    <p class='ocr_par' dir='ltr' id='par_1_5' title="bbox 977 4639 1921 4704">
     <span class='ocr_line' id='line_1_38' title="bbox 977 4639 1921 4704; baseline -0.004 -12"><span class='ocrx_word' id='word_1_294' title='bbox 977 4644 998 4675; x_wconf 89' lang='lat'><strong>⁴</strong></span> <span class='ocrx_word' id='word_1_295' title='bbox 1032 4650 1268 4703; x_wconf 72' lang='lat' dir='ltr'><strong>vestrum,</strong></span> <span class='ocrx_word' id='word_1_296' title='bbox 1293 4646 1360 4702; x_wconf 86' lang='lat' dir='ltr'><strong>A,</strong></span> <span class='ocrx_word' id='word_1_297' title='bbox 1383 4642 1455 4704; x_wconf 87' lang='lat' dir='ltr'><strong>V,</strong></span> <span class='ocrx_word' id='word_1_298' title='bbox 1490 4639 1553 4700; x_wconf 88' lang='grc' dir='ltr'><strong>Ο,</strong></span> <span class='ocrx_word' id='word_1_299' title='bbox 1578 4640 1650 4700; x_wconf 82' lang='grc' dir='ltr'><strong>Ζ;</strong></span> <span class='ocrx_word' id='word_1_300' title='bbox 1687 4647 1921 4700; x_wconf 61' lang='lat' dir='ltr'><strong>noemam,</strong></span> 
     </span>
    </p>
   </div>
   <div class='ocr_carea' id='block_1_5' title="bbox 3591 2529 3600 5415">
    <p class='ocr_par' dir='ltr' id='par_1_6' title="bbox 3591 2529 3600 5415">
     <span class='ocr_line' id='line_1_39' title="bbox 3591 2529 3600 5415; baseline 0 0"><span class='ocrx_word' id='word_1_301' title='bbox 3591 2529 3600 5415; x_wconf 95' lang='lat' dir='ltr'><strong> </strong></span> 
     </span>
    </p>
   </div>
  </div>
 </body>
</html>
