3634 5800
926 865 1058 926 458
1827 876 2192 925 nmsronAE.
2647 861 2807 945 [A.D.
2843 864 3036 931 1171.

924 1066 1249 1133 ultionem
1344 1088 1547 1147 suam,
1629 1066 1817 1153 (quia
1893 1086 2026 1152 qua
2099 1085 2408 1132 mensura
2483 1065 2697 1131 mensi
2769 1064 3034 1131 fueritis

920 1170 1322 1247 remetietur,
1368 1174 1437 1235 et
1482 1169 1597 1255 qui
1641 1168 1893 1234 fuderit
1937 1168 2348 1255 sanguinem,
2393 1168 2719 1232 fundetur
2763 1168 3034 1253 sanguis

921 1269 1127 1353 illius)
1206 1276 1563 1358 paternum
1630 1274 1864 1338 contra
1939 1274 2274 1356 sceptrum
2351 1269 2828 1335 dominationis
2897 1275 3034 1333 tuae

919 1378 1185 1439 aeternae
1254 1374 1603 1440 suscitabit
1676 1374 1894 1438 zelum
1967 1394 2270 1437 amarum
2367 1371 2661 1437 filiorum
2745 1377 3034 1439 tuorum.

921 1475 1394 1543 Verumtamen
1439 1475 1614 1541 faxit
1658 1475 1843 1540 Deus
1889 1496 1994 1539 me
2039 1474 2205 1540 false
2251 1473 2648 1560 prophetare
2682 1497 2700 1553 ;
2761 1474 3032 1537 interim

919 1598 1219 1664 praepara
1284 1578 1571 1643 animam
1640 1582 1828 1642 tuam
1901 1575 1987 1641 ad
2063 1574 2314 1641 tribula
2322 1576 2588 1641 tionem.
2681 1574 3030 1641 Peccatum

918 1679 1219 1766 peccavit
1262 1679 1646 1756 Jerusalem,
1712 1682 2061 1765 propterea
2127 1677 2462 1743 instabilis
2506 1676 2685 1743 facta
2729 1682 2846 1755 est,
2910 1698 3034 1743 nec

920 1788 1021 1847 est
1065 1802 1199 1868 pax
1246 1781 1501 1847 ossibus
1546 1782 1764 1867 regiis,
1808 1781 1880 1846 id
1927 1785 2046 1859 est,
2091 1780 2428 1846 interioris
2488 1780 2780 1846 hominis
2824 1780 3032 1866 parti-

920 1883 1046 1949 bus
1110 1882 1577 1970 superioribuS,
1645 1904 1687 1949 a
1738 1882 1908 1949 facie
1973 1886 2393 1969 peccatorum
2461 1903 2751 1947 suorum.
2843 1881 3030 1947 Salo-

922 2006 1077 2051 mon
1121 1986 1309 2051 litem
1340 2006 1527 2051 suam
1570 1984 1984 2050 instituendo
2015 1985 2341 2050 revelavit
2371 1989 2677 2071 potentes
2721 1988 3032 2070 potenter

920 2092 1254 2153 tormenta
1313 2108 1634 2175 passuros
1684 2088 2000 2172 quoniam
2045 2092 2332 2153 aeternus
2375 2088 2423 2152 J
2426 2088 2604 2151 udex
2651 2108 2788 2153 non
2846 2109 3033 2152 vere-

921 2189 1104 2255 bitur
1188 2190 1720 2276 magnitudinem
1786 2188 2284 2274 cujuscumque.
2394 2189 2441 2255 J
2441 2189 2688 2274 amjam
2767 2195 3029 2276 aposto-

919 2292 1134 2357 lorum
1179 2293 1579 2358 novissimus
1618 2291 1950 2377 judicium
1995 2291 2405 2368 reformidat,
2440 2292 2618 2377 quod
2648 2291 2768 2357 fiet
2813 2292 3027 2357 duris-

920 2394 1162 2459 simum
1228 2394 1333 2458 his
1402 2394 1517 2478 qui
1580 2397 1898 2479 praesunt.
1990 2393 2138 2459 Hoc
2199 2415 2352 2459 cum
2412 2394 2604 2479 gravi
2679 2393 3030 2459 verborum

921 2495 1208 2583 pondere
1254 2496 1336 2561 de
1403 2493 1576 2559 bono
1636 2515 1830 2580 opere
1892 2514 2028 2559 non
2091 2494 2478 2579 lapidamuS,
2524 2494 2638 2559 sed
2705 2495 2788 2559 de
2856 2494 3031 2560 blas-

924 2597 1203 2685 phemia,
1250 2598 1330 2661 de
1392 2596 1840 2662 exsecratione
1885 2600 1956 2661 et
2019 2595 2376 2673 mendacio,
2421 2595 2477 2659 si
2525 2590 2757 2661 uerum
2818 2599 3030 2684 parri-

922 2699 1167 2765 cidium
1212 2698 1390 2784 quod
1435 2698 1719 2763 relatum
1756 2702 1875 2775 est,
1923 2696 2063 2761 zelo
2107 2697 2359 2761 zelatus
2390 2719 2510 2784 pro
2555 2697 2710 2763 filiis
2755 2698 3028 2765 Domini

920 2800 1049 2865 Dei
1125 2800 1538 2866 exercituum
1637 2798 1852 2885 spinae
1927 2802 2310 2863 nostrorum
2356 2819 2728 2865 eremorum
2793 2801 3030 2887 lingua

920 2903 1163 2969 dolatae
1222 2907 1381 2968 sunt
1425 2902 1743 2980 aculeata,
1809 2923 1950 2967 non
2012 2902 2156 2966 sine
2223 2907 2560 2988 punctura
2625 2904 3035 2989 loquuntur,
3019 2931 3034 2945 ·

920 3027 1155 3071 verum
1198 3005 1296 3070 ita
1339 3009 1645 3091 pungant
1689 3007 1769 3068 ut
1805 3008 2348 3120 compungantur
2414 3006 2900 3092 compungendi
2939 3008 3028 3074 ad

919 3107 1221 3174 salutem.
1312 3105 1589 3172 Acerbae
1636 3105 2069 3190 querimoniae
2113 3127 2279 3172 meae
2307 3127 2445 3172 non
2491 3116 2894 3188 succussant,
2940 3132 3028 3175 ne

919 3207 1209 3275 deterius
1240 3206 1409 3293 quid
1439 3206 1825 3294 contingat;
1867 3227 2127 3292 magnae
2159 3208 2454 3273 ulcerum
2499 3209 2708 3274 saniei
2739 3211 3027 3277 validius

918 3310 1323 3378 detersivum
1366 3328 1627 3374 necesse
1658 3311 1778 3384 est,
1810 3328 1896 3372 ex
1926 3308 2182 3374 modico
2212 3309 2490 3374 vulnere
2531 3310 2836 3376 tabidum
2865 3312 3026 3379 facit

918 3415 1105 3480 ulcus
1134 3411 1333 3477 nimis
1364 3409 1614 3476 blanda
1642 3409 1940 3496 chirurgi
1970 3431 2223 3476 manus,
2315 3410 2475 3476 Non
2503 3413 2698 3482 audit
2727 3416 3023 3482 medicus

917 3516 1133 3582 fidelis
1176 3514 1355 3579 inter
1399 3512 1830 3579 resecandum
1877 3513 2224 3599 putridum
2286 3514 2658 3580 membrum
2702 3516 3023 3584 lamenta-

918 3619 1121 3684 bilem
1166 3615 1361 3680 amici
1406 3614 1510 3678 sui
1554 3635 1800 3691 vocem,
1855 3614 1969 3678 sed
2015 3614 2102 3679 ad
2148 3614 2448 3680 salutem.
2539 3615 2726 3694 Volo,
2759 3618 3022 3686 domine

918 3720 1013 3785 mi
1088 3740 1221 3796 rex,
1287 3722 1355 3783 te
1418 3717 1657 3783 talium
1726 3717 2142 3782 sermonibus
2203 3722 2324 3783 aut
2385 3719 2674 3784 consiliis
2737 3721 2842 3785 uti
2907 3725 3022 3807 qui

916 3829 1059 3890 tam
1105 3821 1388 3886 timeant
1432 3819 1700 3906 palpare
1744 3819 1918 3884 vitia
1965 3840 2166 3905 quam
2227 3820 2592 3886 detractare
2639 3822 3020 3891 virtutibus.

918 3925 1231 3990 Vendant
1274 3921 1403 3987 alio
1434 3921 1575 3986 loco
1606 3926 1678 3986 et
1720 3921 1938 3987 oleum
1983 3943 2178 3987 suum
2227 3928 2598 4007 peccatores
2645 3923 2747 3987 illi
2791 3926 3023 3993 adula-

918 4034 1093 4093 tores
1154 4046 1354 4111 quam
1421 4045 1638 4090 coram
1706 4029 1816 4104 te3
1875 4045 2045 4110 pura
2107 4046 2338 4110 regum
2412 4025 2629 4111 imago
2691 4047 2827 4091 non
2871 4029 3024 4094 vult

918 4130 1061 4194 oleo
1104 4125 1468 4215 peccatoris
1513 4123 1922 4210 impinguari
1967 4130 2172 4211 caput
2200 4147 2412 4191 suum.
2507 4125 2658 4190 Etsi
2704 4131 2772 4192 te
2817 4128 3024 4195 lacta-

917 4229 1143 4295 verint
1185 4230 1557 4314 peccatores
1602 4225 1802 4291 aulici
1848 4247 1933 4291 ne
1995 4226 2374 4310 acquiescas
2418 4228 2528 4304 eis,
2575 4228 2816 4294 molliti
2861 4237 3022 4296 sunt

918 4351 1247 4398 sermones
1292 4349 1538 4407 eorum,
1584 4329 1701 4393 sed
1766 4329 1898 4414 ipsi
1966 4334 2126 4393 sunt
2185 4328 2426 4414 jacula,
2471 4331 2752 4397 offerant
2797 4331 3026 4401 Sama·

918 4433 1121 4500 ritani
1168 4430 1496 4518 (intelligo
1540 4430 1782 4496 animae
1837 4433 1972 4496 tuae
2018 4430 2346 4516 custodes)
2395 4431 2611 4496 oleum
2658 4437 2727 4497 et
2772 4433 3021 4516 vinum,

918 4543 999 4603 ut
1040 4535 1279 4602 animae
1324 4533 1669 4599 insolentis
1736 4533 2105 4599 infundant
2149 4534 2579 4612 vulneribus3
2647 4537 2906 4604 utinam
2955 4547 3025 4606 et

919 4659 1040 4726 ego
1084 4658 1231 4704 cum
1280 4634 1376 4700 eis
1420 4635 1645 4699 fierem
1692 4635 1871 4721 apud
1917 4641 1985 4699 te
2031 4635 2310 4700 idoneus
2340 4635 2645 4701 minister
2685 4639 2847 4703 novi
2891 4645 3022 4706 tes-

920 4739 1220 4816 tamenti,
1269 4737 1451 4802 duris
1515 4736 1735 4801 verbis
1796 4735 2075 4801 veniens
2141 4737 2229 4802 ad
2297 4741 2384 4815 te,
2431 4737 2663 4802 vinum
2731 4739 3029 4832 increpa-
