3634 5800
572 891 702 939 ΑΛ).
740 872 963 957 1169.]
1444 883 1806 931 EPIs'ronAE.
2590 864 2670 925 81

577 1081 772 1154 trum,
831 1074 1150 1140 beneficio
1195 1072 1631 1139 absolutionis
1676 1092 1812 1135 non
1858 1069 2253 1144 fruerentur,
2300 1074 2370 1131 et
2414 1071 2678 1130 senten-

576 1180 741 1242 tiam
788 1200 987 1264 quam
1049 1177 1357 1242 dominus
1379 1175 1405 1214 ²
1472 1173 1996 1258 archiepiscopus
2061 1169 2560 1235 Cantuariensis
2606 1168 2679 1231 in

576 1302 685 1346 eos
731 1276 1007 1356 tulerit,2
1064 1277 1608 1363 irrefragabiliter
1667 1275 2111 1340 observarent.
2204 1272 2296 1336 Et
2339 1271 2480 1335 haec
2525 1269 2681 1334 hac-

574 1388 770 1447 tenus
817 1382 899 1448 de
942 1381 1049 1446 his
1094 1402 1243 1466 quae
1289 1402 1437 1446 cum
1486 1379 1753 1444 domino
1796 1397 1949 1463 rege
1993 1374 2327 1461 gessimus.

669 1481 1005 1549 Caeterum
1066 1481 1343 1547 verbum
1418 1480 1590 1566 regis
1668 1476 2134 1544 Cantuariensi
2193 1475 2680 1560 archiepiscopo

580 1584 1003 1669 postmodum
1048 1582 1682 1669 repraesentavimus,
1727 1580 1844 1665 qui
1902 1599 2054 1646 cum
2098 1577 2415 1663 praedicta
2460 1575 2684 1639 omnia

583 1686 1046 1770 aequanimiter
1119 1684 1494 1760 sustineret,
1556 1682 1954 1768 dignitatem
2031 1680 2218 1765 regni
2281 1680 2386 1743 sui
2452 1678 2638 1763 [sibi]
2659 1674 2686 1713 ³

583 1788 871 1854 libenter
946 1792 1381 1863 conservaret,
1453 1786 1638 1852 salvo
1714 1786 1947 1850 ordine
2021 1805 2141 1849 suo
2216 1789 2286 1850 et
2358 1782 2685 1847 fidelitate

588 1889 903 1954 Romanae
970 1888 1271 1955 ecclesiae.
1362 1887 1465 1952 De
1529 1887 1632 1951 his
1677 1885 1883 1964 ver0,‘¹¹
1925 1886 1982 1951 si
2046 1885 2195 1971 quis
2257 1884 2452 1950 aliter
2496 1882 2686 1947 vobis

586 1991 1018 2075 proposuerit,
1063 1992 1158 2057 sic
1217 2013 1355 2057 esse
1401 1989 1576 2055 sicut
1621 1990 1914 2054 diximus
1959 2010 2075 2073 per
2119 1987 2342 2053 oninia
2387 1986 2684 2053 credatis.

590 2092 681 2157 Et
724 2094 902 2178 quod
946 2115 1189 2159 nomen
1253 2092 1506 2159 domini
1570 2092 1875 2157 Gratiani
1943 2112 2078 2156 non
2146 2090 2422 2175 ponitur
2464 2089 2535 2153 in
2580 2088 2685 2151 his
2710 2076 2946 2194 3¹33&ss

587 2195 850 2272 litteris,
895 2216 1029 2260 non
1094 2196 1241 2260 ideo
1305 2195 1640 2272 remansit,
1689 2195 1869 2279 quod
1937 2215 2046 2258 eas
2114 2214 2250 2258 non
2308 2192 2558 2257 viderit
2620 2194 2690 2255 et
2715 2217 2907 2260 return.

589 2296 945 2383 diligenter
987 2297 1538 2382 pertractaverit,⁵
1581 2297 1697 2361 sed
1744 2298 1903 2381 quia
1946 2295 2305 2360 festinabat
2348 2295 2577 2371 redire,
2624 2298 2694 2358 et

592 2401 785 2485 longe
830 2398 1162 2464 breviores
1208 2399 1478 2465 volebat
1521 2397 1662 2462 fieri
1709 2397 1968 2462 litteras
1999 2420 2013 2475 ;
2060 2397 2310 2463 scilicet
2326 2396 2353 2435 ⁶
2397 2401 2477 2461 ut
2521 2395 2694 2460 nihil

595 2502 852 2568 nuntiis
896 2502 1068 2587 regis
1135 2507 1365 2567 contra
1427 2521 1547 2565 nos
1613 2521 1824 2585 usque
1885 2501 1972 2565 ad
2034 2500 2324 2565 reditum
2392 2505 2695 2564 nostrum

597 2602 962 2668 crederetis,
1053 2601 1448 2679 Novissime,
1480 2601 1561 2666 de
1622 2602 1896 2666 consilio
1940 2601 2581 2688 archiepiscoporum
2628 2608 2698 2668 et

599 2705 1067 2791 episcoporum,
1129 2704 1572 2789 disposuimus
1617 2705 1703 2769 ad
1765 2706 2184 2789 praesentiam
2248 2706 2458 2792 ipsius
2521 2705 2696 2790 regis

599 2808 864 2873 mittere
938 2806 1269 2871 nuntium.
1392 2806 1728 2892 Elegimus
1795 2808 2064 2872 tandem
2126 2808 2518 2894 magistrum
2578 2808 2699 2871 Pe·
2724 2810 2876 2886 Peter
2898 2807 2957 2857 of

600 2917 796 2987 trum,
843 2911 1063 2974 virum
1107 2908 1459 2974 honestum
1530 2914 1599 2973 et
1661 2909 1828 2974 bene
1874 2909 2265 2988 litteratum,
2313 2911 2700 2998 Papiensem
2725 2877 3022 3005 ξαὲζῃῗέι

602 3012 1178 3088 archidiaconum,⁷
1224 3034 1420 3096 quem
1466 3012 1552 3077 ad
1617 3012 2168 3097 praenominatum
2237 3035 2455 3100 regem
2519 3014 2700 3078 misi-

603 3137 767 3194 mus,
813 3121 893 3179 ut
937 3116 998 3180 ei
1052 3115 1409 3181 clementer
1452 3116 1877 3202 supplicaret,
1906 3121 2116 3201 utque
2165 3116 2237 3180 in
2284 3118 2704 3202 exsequenda

603 3240 763 3305 pace
825 3220 1001 3283 inter
1068 3219 1286 3304 ipsum
1350 3222 1420 3282 et
1480 3218 1825 3283 dominum
1871 3216 2440 3297 Cantuariensem,
2502 3219 2707 3304 juxta

606 3328 906 3386 tenorem
1003 3320 1380 3385 litterarum
1455 3321 1826 3385 vestrarum
1903 3342 2065 3406 quas
2155 3322 2295 3408 ipse
2372 3327 2707 3407 receperat

605 3445 826 3510 preces
890 3423 1290 3499 admitteret,
1338 3444 1422 3487 ex
1466 3428 1654 3507 parte
1699 3427 1923 3488 vestra
1985 3423 2336 3489 affectuose
2359 3424 2384 3463 ⁸
2429 3430 2706 3511 rogaret.

609 3526 742 3605 Qui
787 3547 938 3591 cum
984 3525 1255 3590 honeste
1300 3524 1536 3589 fuisset
1583 3530 1899 3609 receptus
1946 3526 2325 3591 indecenter
2370 3530 2439 3591 et
2482 3531 2712 3592 contra
2735 3525 2801 3574 he
2823 3522 2866 3572 is

608 3627 923 3693 honorem
969 3625 1098 3690 Dei
1135 3631 1205 3690 et
1249 3647 1459 3702 suum,
1507 3627 1709 3710 (sicut
1753 3627 1894 3711 ipse
1939 3627 2216 3713 asserit,)
2264 3628 2397 3693 fuit
2441 3629 2712 3694 tandem
2735 3590 2947 3640 robbed.

611 3729 938 3807 dimissuS,
969 3734 1039 3793 et
1082 3727 1477 3812 quibusdam
1523 3728 1719 3792 rebus
1765 3729 1900 3792 suis
1947 3729 2019 3792 in
2066 3729 2205 3815 ejus
2252 3732 2498 3797 ducatu
2534 3737 2714 3816 post-

612 3819 881 3896 modum
928 3829 1348 3916 exspoliatus.
1441 3829 1634 3894 Unus
1696 3851 1957 3914 quoque
2023 3831 2103 3896 de
2168 3832 2304 3896 suis
2371 3834 2716 3919 praecipue,

610 3932 726 4017 qui
771 3931 857 3997 ab
902 3952 978 3996 eo
1024 3934 1132 4015 (ut
1176 3932 1480 4016 dicebat‚)
1543 3931 1779 3995 timore
1834 3933 1976 4016 jam
2040 3938 2231 3998 extra
2292 3935 2524 3999 villam
2583 3955 2718 3999 non

612 4035 806 4121 longe
852 4038 1221 4110 recesserat,
1266 4056 1308 4100 a
1352 4034 1545 4098 saevis
1604 4034 1987 4099 hominibus
2045 4036 2285 4101 acriter
2329 4044 2430 4101 est
2474 4044 2718 4103 tracta-

614 4143 745 4213 tuS‚
806 4137 937 4215 sed,
982 4135 1401 4222 suggestione
1465 4137 1806 4221 cujusdam
1876 4140 2401 4223 supervenientis
2465 4141 2717 4218 militis,

685 4365 703 4398 ²
738 4365 977 4425 dontinus,
1000 4363 1069 4425 A,
1097 4364 1174 4426 03
1209 4381 1308 4414 om.
1331 4365 1390 4416 L.
1784 4365 1805 4398 ⁶
1839 4366 2045 4427 scilicet,
2071 4368 2110 4416 Z
2134 4387 2148 4427 ς
2183 4367 2286 4428 sed,
2312 4370 2371 4420 L.

685 4444 708 4477 ²
744 4444 937 4504 tulerit,
961 4445 1029 4502 A,
1055 4443 1101 4494 Ο
1122 4463 1135 4503 ;
1172 4442 1377 4506 tulerat,
1401 4443 1461 4492 L.
1785 4443 1806 4481 7
1842 4444 2255 4508 archidiaconatu,
2276 4449 2349 4507 A,
2374 4449 2437 4500 Ο.

685 4525 709 4557 ³
742 4522 857 4583 sibi,
884 4525 954 4582 Z;
989 4539 1088 4573 om.
1111 4523 1172 4573 L.
1784 4523 1807 4554 ⁸
1842 4523 2131 4589 affectuose,
2176 4525 2246 4582 A,
2284 4528 2359 4587 03
2409 4528 2720 4594 affectuosis.

689 4603 711 4634 *
744 4618 880 4662 vero,
903 4603 970 4661 Z3
1007 4618 1213 4665 quoque,
1239 4602 1299 4652 L.
1721 4602 1850 4663 sime,
1881 4604 1937 4663 Z,
1959 4603 2019 4652 L.

691 4682 712 4714 ⁸
739 4682 1092 4747 per-vectavit,
1115 4682 1185 4744 A,
1203 4682 1268 4744 0,
1292 4682 1366 4739 Z;
1394 4689 1623 4746 pertrac-

623 4762 826 4819 taverit,
848 4760 911 4811 L.

802 4855 832 4889 o
861 4843 1036 4891 12478.
2414 4866 2457 4914 1⁴¹
