3634 5800
872 853 957 914 28
1730 869 2091 919 EPISTOLAE.
2571 856 2731 940 [ιω.
2771 855 2964 922 1169.

864 1050 1047 1115 Deus
1066 1051 1089 1090 ¹
1154 1049 1501 1118 nobiseum
1566 1055 1683 1126 est,
1744 1055 1817 1116 et
1877 1071 2012 1136 pro·
2063 1050 2320 1116 tuenda
2381 1050 2528 1136 lege
2573 1049 2800 1138 Ipsius
2865 1057 2971 1118 tot

864 1153 1141 1237 injurias
1186 1157 1257 1217 et
1298 1153 1547 1218 damna
1588 1152 2012 1218 sustinemus.
2105 1151 2258 1218 Hoc
2300 1174 2616 1238 responso
2663 1154 2971 1220 confusos

863 1255 1137 1332 dimisit,
1182 1261 1253 1320 et
1296 1255 1489 1321 nobis
1510 1253 1537 1292 ²
1586 1255 1794 1340 (quod
1840 1256 1903 1320 ei
1947 1255 2134 1320 Deus
2179 1255 2510 1321 retribuat
2533 1255 2576 1340 Ξ)
2621 1257 2822 1322 solito
2851 1257 2964 1322 be-

862 1357 1127 1444 nignior
1192 1363 1263 1422 et
1332 1357 1665 1424 liberalior
1730 1363 1851 1434 est,
1915 1357 2071 1424 licet
2139 1357 2468 1444 benignus
2535 1364 2606 1424 et
2671 1359 2966 1426 liberalis

860 1481 1117 1544 semper
1160 1460 1509 1524 exstiterit.
1602 1459 1787 1524 Dicit
1816 1465 2042 1524 autem
2061 1481 2142 1536 ,se
2187 1459 2622 1545 probaturum
2665 1462 2740 1525 in
2769 1483 2968 1528 causa

860 1566 1087 1627 nostra
1152 1561 1596 1627 sinceritatem
1664 1566 1736 1626 et
1800 1561 2098 1647 vigorem
2163 1561 2454 1628 ecelesiae
2515 1563 2852 1640 Romanas,
2895 1571 2966 1628 et

862 1665 1213 1728 veritatem
1284 1664 1539 1729 domini
1604 1684 1822 1749 papae,
1861 1663 2056 1748 cujus
2121 1663 2320 1730 fidem
2387 1669 2458 1729 et
2517 1666 2964 1732 constantiam

860 1767 931 1830 in
976 1788 1055 1831 eo
1116 1765 1533 1832 commendat
1596 1765 1982 1852 plurimum,
2047 1765 2226 1850 quod
2295 1787 2518 1853 regem
2563 1767 2828 1852 Angliae
2887 1767 2960 1832 in

856 1868 1293 1953 petitionibus
1357 1866 1627 1952 injustis
1688 1867 1777 1931 ab
1845 1889 1922 1931 eo
1989 1867 2240 1953 gaudet
2305 1889 2444 1932 esse
2503 1869 2859 1954 repulsum,
2903 1869 2960 1933 si

858 1975 1083 2034 tamen
1126 1991 1287 2036 vera
1330 1974 1491 2034 sunt
1535 1989 1688 2054 quse
1750 1969 2018 2034 audivit
2061 1991 2104 2034 a
2147 1969 2593 2056 rumigerulis,
2635 1975 2708 2036 et
2751 1969 2960 2036 domi-

856 2092 983 2136 nus
1051 2092 1225 2158 papa
1286 2070 1813 2157 perseveraverit
1880 2070 1951 2133 in
2015 2092 2092 2136 eo
2157 2069 2336 2155 quod
2399 2071 2462 2136 ei
2525 2071 2832 2156 promisit
2875 2070 2960 2136 de

857 2173 1063 2238 nobis.
1156 2165 1332 2238 Sunt
1376 2173 1449 2236 in
1494 2185 1683 2258 parte
1728 2172 2012 2237 adversa
2074 2173 2193 2257 qui
2237 2195 2359 2238 nos
2417 2172 2794 2238 ablatorum
2859 2195 2957 2240 re-

856 2275 1275 2341 stitutionem
1344 2277 1567 2360 petere
1636 2272 2088 2349 dissuadeant,
2145 2279 2218 2338 et
2283 2274 2342 2338 si
2417 2273 2594 2339 forte
2655 2274 2738 2340 de
2797 2295 2958 2361 pace

854 2377 1185 2466 agendum
1212 2375 1434 2452 fuerit,
1464 2373 1691 2440 omnia
1718 2373 2164 2459 perfunctorie
2195 2375 2598 2460 pertransire
2626 2399 2642 2452 ;
2687 2397 2822 2440 non
2851 2381 2958 2441 at-

856 2480 1203 2545 tendentes
1248 2497 1446 2562 quam
1492 2475 1929 2562 perniciosum
1953 2473 1980 2514 ³
2023 2480 2197 2541 esset
2227 2475 2548 2562 exemplo,
2577 2497 2728 2542 cum
2775 2477 2958 2544 lucro

857 2601 1171 2647 succensa
1236 2577 1567 2663 cupiditas
1630 2576 1789 2642 hinc
1855 2576 2140 2642 animari
2207 2577 2418 2663 possit
2461 2583 2544 2642 ut
2587 2599 2710 2664 pro
2755 2577 2956 2644 libitu

856 2683 1103 2770 releget
1147 2687 1217 2746 et
1260 2679 1629 2766 proscribat
1672 2677 2059 2766 episcopos?
2109 2685 2178 2744 et
2223 2679 2496 2744 tandem
2539 2681 2614 2744 in
2665 2679 2954 2766 gratiam

854 2785 1141 2853 ecclesiae
1204 2781 1449 2860 redeat,
1495 2781 1551 2846 si
1614 2801 2030 2867 quacumque
2089 2781 2356 2867 jactura
2417 2781 2600 2846 illius
2661 2781 2956 2868 qualem-

854 2909 1134 2974 cumque
1196 2884 1425 2952 fecerit
1488 2906 1731 2971 pacem.
1825 2883 2001 2949 Nam
2065 2883 2446 2969 hujusmodi
2508 2884 2954 2954 dissimulatio

853 2990 1127 3077 cupidas
1201 2987 1502 3055 incendit
1574 2991 1960 3072 potestate8‚
2039 2990 2110 3051 et
2183 2986 2512 3073 perversis
2569 2986 2952 3053 hominibus

850 3098 1127 3179 praestat
1187 3088 1529 3157 audaciam
1594 3089 2042 3174 delinquendi,
2089 3089 2455 3176 meliusque
2521 3090 2714 3155 nobis
2780 3094 2954 3155 esset

848 3218 985 3261 non
1043 3196 1251 3259 fuisse
1294 3199 1505 3270 natos,
1553 3213 1751 3277 quam
1797 3192 1871 3256 in
1915 3192 2252 3257 ecclesiam
2313 3190 2656 3257 induxisse
2699 3196 2950 3278 pestem

850 3304 991 3363 tam
1036 3296 1387 3384 perniciosi
1434 3294 1762 3381 exempli3
1821 3294 2190 3381 praesertim
2235 3315 2382 3360 cum
2449 3293 2550 3358 illi
2617 3293 2814 3360 facile
2857 3292 2948 3358 sit

852 3402 1097 3467 damna
1172 3421 1390 3465 rerum
1469 3397 2026 3475 immunitatibus,
2101 3397 2490 3483 privilegiis,
2557 3402 2628 3461 ct
2699 3418 2950 3483 posses-

848 3504 1146 3570 sionibus
1214 3499 1527 3575 inculti8‚⁵
1590 3505 1660 3564 et
1702 3499 1853 3565 aliis
1921 3499 2275 3576 beneficiis,
2319 3502 2547 3564 nostro
2613 3502 2952 3583 praeeuntc

512 3620 676 3671 Effeet
704 3618 765 3668 of
848 3605 1137 3683 consilio,
1181 3626 1263 3667 ex
1309 3606 1497 3688 parte
1542 3602 1836 3665 maxima
1893 3620 2330 3687 compensare.
2423 3600 2658 3684 Neque
2703 3598 2844 3677 hoe,
2887 3599 2946 3663 si

513 3685 601 3736 ‘¹¹⁶
624 3700 741 3736 ‘³⁶¹¹‘
849 3707 1157 3774 dominus
1202 3725 1377 3791 papa
1406 3702 1597 3767 nobis
1620 3698 1647 3739 Β
1690 3702 2050 3779 adstiterit,
2081 3700 2344 3767 difficile
2388 3705 2490 3766 est
2533 3700 2952 3785 extorqueri3

848 3810 1025 3897 quia,
1071 3808 1230 3873 licet
1294 3804 1673 3892 praetendat
1715 3804 1951 3882 minas,
1995 3807 2180 3870 totus
2243 3810 2491 3869 terrore
2557 3803 2950 3879 concutitur,

846 3934 931 3978 cx
997 3931 1128 3996 quo
1191 3912 1611 3975 contumaces
1688 3906 2043 3992 episcopos,
2107 3910 2178 3971 et
2237 3904 2402 3970 alios
2469 3904 2744 3969 malitiae
2811 3927 2947 3970 susc

844 4013 1209 4101 compliceS‚
1257 4016 1327 4076 et
1370 4007 1692 4075 satellites
1736 4008 2138 4093 iniquitatis
2187 4006 2504 4073 Sathanoe
2548 4007 2726 4073 tradi
2771 4008 2942 4072 vidit

846 4118 919 4181 in
980 4114 1331 4179 interitum
1408 4110 1639 4177 carnis.
1768 4110 1946 4174 Nam
2023 4109 2081 4173 si
2149 4109 2264 4173 isti
2331 4110 2598 4177 contriti
2677 4109 2944 4185 fuerint,

845 4218 1043 4284 eitius
1118 4221 1190 4283 et
1250 4214 1513 4281 facilius
1578 4209 2096 4298 perdomabitur,
2171 4216 2242 4275 et
2315 4210 2588 4297 fulgura
2661 4211 2803 4296 ejus
2871 4212 2944 4275 in

842 4320 1141 4407 pluviam
1186 4320 1671 4386 convertentur.
1765 4307 2078 4401 Expertis
2145 4310 2409 4391 credite,
2455 4314 2572 4399 qui
2635 4313 2944 4379 novimus

842 4420 1129 4489 hominis
1173 4440 1403 4497 more8‚
1448 4418 1565 4503 qui
1628 4415 2043 4501 portavimus
2105 4414 2365 4499 pondus
2411 4414 2544 4479 diei
2589 4418 2658 4479 et
2719 4420 2939 4493 aestus,

910 4614 927 4649 ¹
966 4616 1231 4675 Dominus,
1252 4612 1335 4671 A;
1375 4610 1537 4671 Dea-3,
1562 4610 1621 4669 Z,
1644 4608 1706 4659 L.
2004 4608 2026 4639 ⁴
2059 4621 2238 4668 omnes,
2261 4598 2323 4656 L.

908 4696 929 4730 ²
964 4694 1122 4755 nobis,
1144 4708 1244 4744 om.
1270 4690 1330 4740 L.
2001 4686 2024 4718 ὅ
2056 4684 2262 4734 maltis?

905 4778 928 4810 ⁸
958 4771 1303 4841 periendosum,
1324 4770 1385 4819 L.
2001 4762 2021 4795 ⁶
2055 4764 2214 4825 nobis,
2237 4778 2339 4815 om.
2365 4764 2424 4815 L.
