3634 5800
572 1378 681 1429 The
702 1379 849 1429 abso-

570 1445 780 1495 lutions.

906 868 991 931 84
1783 880 2141 930 Emsroms.
2635 865 2792 961 [Am.
2829 866 3020 938 1169,

905 1074 975 1133 et
1017 1067 1451 1153 possessiones
1481 1086 1633 1131 suas
1682 1087 1908 1131 omnes
1951 1065 2224 1132 haberet
2269 1065 2443 1132 sicut
2485 1064 2725 1131 habuit
2756 1064 3019 1151 quando

904 1189 947 1234 a
990 1190 1191 1255 regno
1236 1167 1467 1245 exivit,
1514 1172 1583 1233 et
1626 1168 1767 1252 ipse
1814 1171 1884 1231 et
1927 1188 2153 1232 omnes
2199 1167 2315 1253 qui
2359 1189 2510 1234 cum
2555 1190 2631 1234 eo
2683 1168 2786 1233 vel
2851 1186 2972 1252 pro
2993 1162 3019 1202 ¹

905 1292 983 1335 eo
1028 1270 1352 1348 exienmt,
1398 1268 1486 1333 ad
1504 1266 1530 1307 2
1573 1268 1891 1333 honorem
1936 1268 2063 1334 Dei
2108 1272 2178 1333 et
2222 1268 2309 1334 ob
2367 1290 2657 1336 amorem
2703 1273 3018 1343 vestrum,

908 1371 1096 1438 salva
1162 1370 1494 1457 dignitate
1570 1370 1756 1457 regni
1820 1371 2050 1435 nostri.
2141 1370 2444 1456 Cumque
2517 1370 2742 1436 nuntii
2817 1368 3024 1434 vestri

906 1460 1124 1540 eoram
1142 1471 1169 1512 ²⁰·
1230 1471 1629 1559 supradictis
1674 1471 1842 1537 viris
1909 1490 2291 1557 responsum
2335 1471 2460 1539 hoc
2525 1474 2771 1559 absque
2834 1470 3018 1537 omni

908 1574 1430 1642 contradictione
1504 1574 1925 1659 recepissent,
2002 1574 2604 1641 excommunicatos
2677 1574 2830 1640 ilios
2902 1572 3017 1658 qui

906 1680 1263 1765 praesentes
1339 1680 1529 1741 erant
1596 1674 2044 1741 absolverunt.
2141 1672 2476 1742 Convenit
2541 1681 2766 1742 autem
2842 1674 3021 1740 inter

906 1802 1026 1845 nos
1071 1784 1150 1845 ut
1194 1778 1365 1845 alter
1407 1799 1653 1855 eorum,
1699 1778 2030 1843 Vivianus
2095 1778 2364 1857 scilicet,
2408 1798 2527 1863 pro
2571 1778 3018 1846 excommuni-

908 1882 1073 1949 catis
1117 1880 1251 1946 illis
1297 1879 1413 1967 qui
1458 1880 1529 1944 in
1577 1878 1826 1965 Anglia
1855 1884 2050 1945 erant
2091 1878 2508 1946 absolvendis
2538 1880 3019 1956 transfretaret,

910 1983 1271 2049 Gratianus
1324 2002 1483 2047 vero
1550 1982 1637 2046 ad
1684 1979 1888 2045 verba
1930 1980 2074 2046 haec
2141 1981 2656 2066 saepenominato
2726 1982 3020 2048 Cantua-

574 2088 681 2139 The
712 2101 887 2153 agree.
908 2084 1111 2151 riensi
1156 2083 1666 2169 transportanda
1728 2082 1988 2147 rediret.
2081 2082 2277 2146 Mane
2339 2088 2564 2149 autem
2609 2084 2800 2160 fact0,
2867 2103 3017 2148 cum

573 2162 715 2205 ment

572 2222 783 2273 broken.

574 2790 795 2854 Request
814 2794 869 2839 to

572 2856 661 2906 the
685 2870 837 2920 pope.

910 2187 997 2251 ab
1039 2185 1149 2262 eis,
1198 2183 1594 2271 quibusdam
1638 2183 1921 2269 negotiis
1968 2204 2088 2248 nos
2133 2182 2572 2264 trahentibus,
2619 2188 2889 2270 accepta
2931 2183 3018 2250 ab

908 2288 1005 2353 eis
1078 2286 1262 2372 prius
1336 2284 1622 2362 licentia,
1687 2284 2191 2359 recessissemus,
2260 2284 2587 2349 nescimus
2655 2286 2841 2371 cujus
2915 2284 3017 2348 in-

908 2389 1157 2454 stinctu
1219 2392 1339 2453 aut
1401 2407 1531 2471 quo
1594 2385 1855 2472 spiritu,
1909 2386 2226 2451 concessis
2289 2390 2468 2451 stare
2529 2391 3015 2464 recusaverunt,

906 2494 1252 2556 causantes
1326 2487 1604 2552 verbum
1696 2486 1863 2551 illud
1940 2508 2071 2572 quo
2146 2507 2266 2552 nos
2343 2487 2740 2575 dignitatem
2827 2489 3016 2574 regni

908 2591 1119 2657 nostri
1164 2590 1415 2655 salvam
1460 2588 1598 2653 fore
1644 2588 2065 2667 dixeramus;
2130 2590 2308 2674 quod
2351 2594 2492 2653 tam
2537 2592 2746 2669 nobis,
2814 2610 3014 2677 quam

907 2694 1043 2759 illis
1088 2693 1203 2778 qui
1270 2690 1611 2757 uobiscum
1674 2690 1971 2769 aderant,
2018 2690 2205 2755 nullo
2241 2691 2397 2776 jure
2441 2693 2530 2757 ab
2597 2692 2691 2757 eis
2759 2693 3014 2758 causari

910 2795 1144 2861 debere
1218 2792 1586 2858 videbatur.
1680 2790 1740 2855 N
1751 2813 1823 2859 os
1897 2795 2122 2857 autem
2196 2790 2396 2877 hujus
2469 2794 2566 2859 rei
2635 2794 2867 2860 seriem
2931 2795 3018 2859 ad

909 2901 1198 2963 vestram
1272 2894 1741 2962 conscientiam
1831 2893 2240 2960 referendam
2315 2917 2454 2962 esse
2529 2895 2862 2975 duximus,
2935 2897 3018 2962 de

904 3003 1128 3064 vestra
1200 3017 1473 3085 semper
1520 2994 1915 3061 discretione
1983 3001 2452 3081 praesumentes
2515 2999 2695 3083 quod
2761 3019 2880 3064 vos
2943 2998 3018 3063 in

905 3099 1089 3165 nullo
1132 3098 1367 3164 honori
1430 3102 1659 3163 nostro
1723 3097 2035 3184 derogare
2080 3097 2326 3175 velitis,
2380 3099 2491 3163 vel
2551 3100 2742 3184 regni
2803 3100 3014 3166 nostri

906 3202 1061 3287 dign
1069 3201 1257 3280 itati3
1304 3200 1547 3265 obnixe
1600 3199 1944 3264 serenitati
2012 3204 2256 3264 vestrae
2323 3199 2784 3286 supplicanteS‚
2853 3223 3015 3288 qua-

904 3309 1116 3380 tenuS,
1147 3307 1403 3368 attente
1448 3301 1935 3368 considerantes
1963 3300 2276 3367 honorem
2308 3306 2378 3366 et
2405 3302 2767 3370 utilitatem
2813 3325 3014 3389 quam

904 3405 1098 3471 vobis
1142 3410 1213 3469 et
1257 3405 1456 3470 eurise
1500 3408 1741 3468 vestrae
1788 3403 2188 3469 contulimus
2233 3408 2304 3468 et
2355 3403 2427 3467 in
2485 3403 2785 3468 futurum
2853 3405 3017 3490 (nisi

904 3528 1025 3592 per
1089 3526 1207 3570 vos
1271 3503 1563 3586 steterit)
1631 3502 2056 3582 conferemus,
2103 3503 2199 3568 sic
2261 3524 2400 3568 rem
2463 3505 2862 3590 temperetis,
2928 3528 3012 3572 ne

905 3629 1105 3696 penes
1154 3628 1271 3670 vos
1316 3609 1586 3672 tantum
1622 3606 1881 3691 possint
1925 3605 2105 3670 fflius
2136 3605 2375 3690 perfidi
2406 3607 2761 3690 proditoris
2804 3611 3015 3674 nostri
3055 3667 3064 3680 ,

906 3709 1251 3775 malitiosae
1281 3707 1645 3784 blanditiae,
1676 3713 2004 3792 quantum
2050 3706 2388 3773 evidentia
2422 3712 2528 3775 tot
2557 3715 2627 3774 et
2671 3715 3011 3775 tantorum

907 3813 1203 3877 virorum
1267 3808 1663 3874 testimoniis
1709 3809 2128 3874 corroborata
2169 3831 2384 3875 causae
2428 3815 2672 3877 no‘strae
2738 3811 3018 3890 merita3

908 3914 1024 3978 sed
1081 3912 1283 3998 juxta
1348 3911 1740 3996 petitionem
1804 3915 2097 3976 nostram
2151 3932 2284 3977 eos·
2307 3910 2422 3995 qui
2466 3914 3018 3978 excommunicati

908 4018 1068 4078 sunt
1112 4010 1493 4087 absolvatis,
1538 4016 1607 4075 et
1650 4032 1735 4075 ne
1799 4009 1874 4074 in
1917 4011 2080 4076 alios
2102 4009 2129 4047 4
2172 4031 2505 4075 venenum
2547 4032 2686 4077 suae
2755 4033 3016 4078 excom·

907 4112 1379 4179 municationis
1468 4111 1865 4197 perfundere
1955 4112 2166 4198 possit
2237 4112 2689 4197 provideatis3
2777 4133 2883 4190 ne,
2957 4115 3014 4178 si

909 4217 1129 4281 minus
1174 4214 1247 4279 in
1290 4214 1414 4280 hac
1448 4215 1638 4299 justa
1682 4214 2007 4300 petitione
2051 4219 2279 4280 nostra
2326 4215 2630 4280 exauditi
2675 4214 3014 4293 fuerimus,

908 4323 1231 4403 tanquam
1306 4316 1389 4380 de
1464 4320 1689 4380 vestra
1762 4315 2233 4380 benevolentia
2308 4315 2750 4401 desperantes,
2784 4389 2793 4398 .
2824 4317 3020 4382 aliter

908 4418 1249 4483 securitati
1316 4421 1561 4482 nost-,rae
1635 4421 1707 4480 et
1780 4416 2017 4482 honori
2091 4416 2460 4502 prospicere
2535 4417 3016 4502 compellamur.

977 4613 991 4644 ¹
1023 4618 1233 4678 propter
1253 4627 1376 4670 eum,
1398 4609 1458 4660 L.
2069 4608 2092 4642 ⁴
2123 4610 2178 4658 in
2217 4609 2368 4670 alios,
2407 4610 2478 4668 A,
2517 4609 2585 4672 Ο,
2622 4609 2698 4671 Z3
2735 4611 2787 4660 in
2830 4609 3016 4672 alium,

977 4690 999 4723 2
1031 4689 1115 4747 ad,
1138 4689 1219 4750 A,
1256 4687 1334 4749 ob,
1357 4689 1417 4737 Ia.
2001 4689 2088 4748 V;
2124 4689 2177 4736 in
2200 4703 2291 4738 nos
2311 4693 2360 4737 et
2383 4687 2530 4748 alios,
2555 4686 2624 4738 L.

1031 4783 1213 4830 coram,
1235 4782 1335 4818 om.
1358 4767 1421 4815 L.
