3634 5800
614 3107 853 3173 Apology

610 3174 689 3221 for
712 3174 797 3223 the

610 3239 821 3291 τινι-ἰωὴ

612 3303 867 3370 prolixity.

934 865 1016 928 :22
1792 881 2148 930 EPlerLAE.
2665 867 2826 951 [Am.
2863 867 3052 930 1169.

932 1070 1167 1136 scitote
1230 1077 1301 1136 et
1367 1093 1487 1156 ego
1550 1077 1770 1135 certus
1837 1091 2002 1144 sum,
2055 1070 2250 1154 quod,
2297 1070 2474 1135 sicut
2510 1070 2656 1155 jam
2723 1092 2900 1155 saepe
2943 1091 3048 1134 ae-

934 1170 1115 1246 cidit,
1162 1171 1501 1236 curabitur
1544 1171 1858 1236 contritio
1923 1175 2154 1234 nostra
2221 1193 2371 1235 cum
2437 1171 2822 1256 ignominia.
2929 1169 3047 1232 Di-

935 1277 1089 1336 oent
1154 1272 1332 1336 enim
1380 1281 1415 1306 “
1441 1273 1603 1348 Pax,
1650 1271 1842 1357 pax,’'
1889 1275 1958 1335 ot
2004 1293 2140 1336 non
2187 1276 2292 1336 est
2336 1293 2490 1356 pa-x.
2587 1272 2754 1337 Haeo
2801 1271 3048 1335 idcireo

934 1371 1099 1437 adeo
1168 1378 1237 1436 et
1298 1370 1747 1438 confidenter¹
1793 1372 2100 1447 dixerim,
2165 1372 2344 1456 quod
2411 1393 2492 1436 ex
2559 1371 2700 1437 solo
2757 1371 3048 1457 justitia·-

935 1479 1117 1539 metu
1164 1473 1541 1539 humiliatio
1587 1475 1716 1538 erit
1760 1479 1832 1538 et
1875 1473 1960 1538 ad
2025 1495 2251 1558 pacem
2299 1495 2616 1550 aceessu8‚
2662 1494 2860 1558 quam
2911 1472 3050 1538 sola

926 1574 1199 1659 justitia
1240 1574 1505 1660 poterit,
1541 1574 1747 1659 juxta
1790 1574 1970 1658 quod
2015 1574 2319 1659 egregius
2366 1574 2479 1638 ille
2525 1575 2758 1640 doctor
2800 1573 3050 1659 pariter

934 1681 1007 1740 et
1050 1681 1281 1751 rector,
1328 1676 1687 1752 “Amantss’
1732 1675 1973 1758 inquit,
2023 1683 2057 1708 “
2089 1697 2159 1738 se
2219 1674 2362 1740 haee
2408 1676 2558 1752 duo,
2603 1681 2685 1739 ut
2727 1677 2844 1760 qui
2891 1675 3050 1740 facit

926 1778 1265 1863 justitiam
1312 1777 1613 1842 inveniat
1655 1796 1904 1861 pacem,
1949 1783 2018 1840 et
2063 1798 2196 1840 non
2241 1776 2452 1840 aliter.
2543 1776 2588 1840 J
2594 1775 2828 1840 ustitia
2871 1776 3044 1840 enim

938 1886 1009 1946 et
1073 1901 1207 1964 pax
1252 1877 1562 1944 osculatae
1630 1875 1886 1942 sunt'’²
1978 1925 2532 1945 ......
2715 1930 2727 1944 .
2819 1929 2836 1944 .
3036 1936 3051 1951 .

942 2028 1819 2047 .........
1913 1979 2160 2044 Videat
2203 1981 2374 2045 forte
2421 1981 2491 2044 in
2557 1980 3047 2066 sugillationem

940 2103 1237 2168 personae
1286 2082 1763 2146 Londoniensis
1806 2081 2076 2158 nimium
2121 2086 2192 2146 et
2235 2082 2387 2146 odio
2432 2075 2674 2168 'potius
2719 2105 2920 2168 quam
2967 2105 3049 2146 ex

930 2183 1202 2269 judicio,
1236 2191 1375 2249 tam
1421 2184 1588 2248 dura
1632 2191 1770 2248 tam
1816 2205 2044 2248 amara
2085 2184 2440 2268 scripsisse.
2533 2183 2665 2249 Sed
2713 2185 2905 2248 testis
2951 2190 3053 2248 est

939 2286 1105 2350 mihi
1171 2285 1239 2350 Is
1303 2285 1413 2351 eui
1475 2283 1691 2349 omnis
1768 2283 2082 2349 voluntas
2152 2284 2499 2370 loquitur,⁸
2561 2293 2631 2351 et
2699 2287 2808 2351 cui
2872 2307 3048 2352 nunc

940 2385 1203 2451 servio³
1246 2386 1319 2449 in
1362 2385 1647 2451 vinculis
1694 2386 1874 2460 mei&
1919 2387 2248 2470 quomodo
2293 2387 2555 2471 cupiam
2601 2409 2754 2450 eum
2799 2387 2870 2449 in
2917 2387 3046 2450 vis-

942 2489 1199 2554 ceribus
1246 2486 1498 2552 Christi
1544 2487 1725 2562 Jesu‚
1770 2486 1886 2570 qui
1933 2488 2060 2550 etsi
2107 2487 2270 2550 mihi
2317 2487 2609 2563 filialem,
2655 2510 2776 2574 ego
2823 2493 3046 2552 tamen

941 2589 1040 2653 illi
1118 2588 1472 2674 (Dominus
1546 2587 1701 2670 scit)
1780 2589 2090 2652 affectum
2171 2590 2378 2674 patris
2453 2611 2587 2654 non
2665 2590 3001 2654 substraxi
3036 2615 3051 2669 ς

944 2692 1011 2756 id
1079 2691 1286 2776 magis
1352 2695 1423 2754 et
1488 2689 1700 2774 magis
1764 2689 1942 2753 inter
1987 2690 2256 2754 vincula
2322 2713 2470 2756 mea
2533 2691 2908 2756 desiderans
2973 2697 3049 2756 ut

945 2791 1142 2878 digne
1186 2788 1707 2856 ambulassemus
1768 2789 2114 2854 vocatione
2160 2813 2294 2874 qua
2337 2792 2556 2856 vocati
2605 2814 2853 2869 sumus»,
2897 2813 3047 2857 oum

945 2891 1124 2957 omni
1170 2889 1549 2956 humilitate
1596 2894 1667 2954 et
1730 2889 2236 2955 mansuetudine
2281 2890 2452 2956 alter
2513 2891 2788 2956 alterius
2852 2914 3049 2958 onera.

945 2999 1299 3080 portantes

1036 3096 1333 3161 Adverto
1378 3117 1483 3160 me
1521 3095 1661 3181 jam
1710 3095 1780 3159 in
1826 3100 2021 3160 tanta
2080 3096 2400 3161 sermonis
2447 3096 2865 3183 longitudine
2911 3098 3047 3184 epi-

944 3197 1253 3262 stolarem
1316 3219 1577 3262 omnem
1640 3197 2036 3263 brevitatem
2083 3199 2452 3265 excessisse.
2549 3200 2750 3265 Unde
2817 3222 3048 3265 vereor

946 3303 1153 3364 tantae
1246 3298 1613 3384 majestatis
1687 3298 2033 3363 offendisse
2132 3300 2459 3377 auditum,
2535 3302 2620 3366 ad
2697 3302 2832 3365 alia
2905 3307 3045 3368 tam

946 3422 1184 3487 magna
1228 3406 1297 3465 et
1341 3406 1479 3464 tam
1526 3398 1922 3485 multiplicia
1981 3402 2276 3466 mortalis
2323 3402 2482 3467 vitto
2527 3402 2732 3488 hujus
2777 3404 3045 3490 negotia

946 3504 1295 3568 intentum.
1400 3501 1532 3565 Sed
1606 3523 1793 3586 spero
1869 3503 2045 3586 quod
2124 3502 2240 3587 qui
2317 3510 2456 3567 tam
2535 3509 2830 3589 paterno,
2906 3512 3042 3569 tam

948 3610 1243 3670 materno
1289 3602 1507 3677 etiam,
1572 3602 1810 3667 affeetu
1857 3604 2262 3689 compatitur
2329 3605 2492 3668 meis
2557 3604 3044 3684 afflictionibus

946 3705 1136 3771 facile
1180 3703 1661 3790 indulgentiam
1707 3703 1962 3768 tribuat
2009 3706 2358 3770 verborum
2402 3707 2820 3787 excessibus3
2879 3730 3044 3793 prae·

947 3806 1173 3872 sertim
1218 3826 1369 3871 eum
1415 3804 1603 3869 brevi
1648 3824 1781 3869 non
1849 3805 2174 3890 potuisset
2218 3807 2456 3893 stringi
2525 3830 2822 3874 sermone
2867 3811 3044 3894 quod

945 3909 1244 3976 sensibus
1308 3911 1377 3973 et
1444 3906 1774 3971 doloribus
1851 3908 2207 3973 dilatatum
2253 3914 2372 3974 est.
2481 3911 2809 3977 Praeterea
2880 3912 3046 3979 alias

946 4011 1289 4088 breviorem
1356 4029 1519 4101 quas
1590 4007 1789 4072 etiam
1869 4015 2112 4094 praeter
2173 4010 2294 4075 has
2355 4016 2594 4077 vestrae
2661 4015 3046 4079 transmitto

1014 4240 1031 4272 ¹
1066 4238 1335 4304 confident,
1362 4238 1429 4289 G.

1013 4318 1036 4351 ²
1070 4318 1125 4368 A
1146 4316 1380 4381 quantity
1402 4314 1461 4366 of
1488 4314 1791 4365 unreadable
1825 4322 1950 4366 mat-

948 4403 1042 4457 ter,
1064 4394 1362 4459 amounting
1400 4402 1456 4444 to
1490 4395 1647 4443 about
1676 4409 1709 4444 a
1741 4408 1874 4459 page
1895 4392 1955 4443 of

2041 4236 2129 4288 the
2169 4238 2370 4303 Corpus
2405 4240 2540 4303 MS„
2577 4238 2620 4291 is
2658 4240 2780 4291 here
2815 4240 3046 4303 omitted,

2041 4316 2170 4367 aster
2191 4317 2278 4367 the
2300 4318 2491 4368 former
2511 4318 2722 4370 editor’s
2745 4322 2997 4384 example.

2106 4396 2129 4428 ⁸
2163 4412 2335 4458 sermo,
2359 4399 2423 4448 G.

1008 4604 1032 4629 ⁸
1065 4600 1234 4651 These
1258 4600 1422 4649 words
1448 4615 1536 4649 are
1556 4597 1687 4649 from
1711 4613 1743 4647 a
1763 4613 1946 4663 prayer

944 4674 1109 4729 which
1131 4677 1175 4728 is
1208 4678 1295 4729 the
1326 4675 1544 4743 original
1578 4675 1637 4726 of
1664 4676 1750 4727 the
1772 4680 1803 4704 “
1823 4676 1946 4727 Col-

944 4762 977 4787 “
1010 4759 1111 4810 lect
1152 4756 1229 4807 for
1262 4754 1487 4819 Purity”
1524 4755 1576 4805 in
1612 4754 1699 4806 the
1728 4754 1946 4823 English

2037 4599 2370 4651 Communion
2429 4602 2586 4651 offiee.
2677 4602 2777 4653 See
2823 4604 3042 4665 Palma,

2037 4678 2182 4743 Orig.
2209 4678 2500 4746 Liturgieoe,
2521 4678 2573 4729 ii.
2597 4684 2678 4731 26.
