3634 5800
2830 1 2839 12 Ι
2862 0 3007 24 “JV-*³⁷
3024 0 3057 10 .-

826 868 911 931 68
1696 884 2053 934 nmsroLAE.
2544 870 2700 953 [mn.
2741 872 2932 935 1169.

822 1080 1165 1139 taneorum
1216 1096 1459 1139 morem
1516 1082 1793 1153 exercet,
1841 1075 1956 1161 qui
2019 1074 2448 1139 saluberrime
2493 1080 2564 1139 et
2609 1075 2932 1140 honestis-

823 1177 988 1241 sime
1032 1177 1225 1241 novit
1270 1183 1337 1242 et
1383 1178 1727 1242 consuevit

486 1317 781 1434 gifgbjssn·
1081 1328 1111 1353 ‘¹
1134 1340 1393 1405 parcere
1440 1318 1767 1404 subjectis,
1816 1324 1885 1383 et
1929 1318 2254 1383 debellare
2299 1318 2664 1405 superbos?

824 1472 1137 1557 Prompto
1200 1470 1407 1556 igitur
1468 1472 1535 1533 et
1602 1488 1811 1554 prono
1878 1466 2118 1545 animo,
2176 1466 2234 1531 si
2298 1466 2482 1532 Deus
2545 1469 2930 1555 opportuni-

823 1580 1034 1638 tatem
1082 1572 1356 1649 dederit,
1402 1590 1665 1655 operam
1728 1568 2035 1635 dabimus
2079 1573 2152 1634 et
2195 1568 2612 1656 diligentiam
2676 1579 2756 1636 ut
2805 1570 2927 1636 fiat

826 1676 885 1739 ei
933 1676 1005 1739 in
1050 1674 1463 1759 beneplacito
1508 1671 1779 1735 Domini
1841 1670 2204 1737 secundum
2266 1671 2664 1737 desiderium
2713 1684 2924 1737 tuum.

823 1776 954 1840 Sed
1015 1774 1333 1840 vellemus
1399 1780 1475 1839 ut
1539 1794 1642 1837 res
1710 1771 1939 1838 ordine
2003 1794 2122 1836 suo
2189 1772 2316 1837 rite
2391 1774 2788 1859 procederet,
2849 1780 2928 1839 ut

821 1877 1064 1964 gradus
1123 1876 1392 1941 honoris
1468 1874 1733 1939 debitus
1807 1894 1944 1938 non
2021 1874 2279 1939 deesset
2342 1874 2744 1952 ascendenti,
2809 1878 2925 1961 qui

823 1978 1077 2045 medius
1123 1984 1224 2045 est
1284 1977 1461 2042 inter
1518 1974 1824 2043 habitum
1887 1980 1956 2041 et
2015 1978 2334 2062 optatum.
2429 1976 2610 2042 Satis
2671 1977 2922 2043 dictum

484 2099 537 2149 A
562 2100 758 2151 confer·
821 2083 1149 2148 credimus
1194 2080 1498 2167 sapienti.
1590 2078 1691 2143 Tu
1738 2078 2006 2142 interim
2054 2083 2133 2143 ut
2177 2078 2530 2165 diligenter
2580 2080 2812 2145 audias
2857 2084 2928 2147 et

481 2180 606 2215 “¹¹⁰⁰
630 2168 717 2216 ¹²⁰·
822 2182 1141 2251 exaudias
1187 2204 1336 2269 quae
1384 2182 1508 2247 tibi
1554 2200 1672 2269 per
1716 2180 2110 2267 magistrum
2157 2180 2524 2246 Robertum
2543 2180 2568 2219 ¹
2613 2182 2922 2249 clericum

482 2240 645 2283 tween
667 2233 795 2298 king

482 2300 648 2349 Levis
673 2302 776 2349 and
820 2293 1121 2353 nostrum
1186 2284 1557 2373 significata
1618 2288 1795 2361 sunt,
1843 2282 2131 2370 petimus
2199 2284 2570 2364 affectuose,
2616 2291 2922 2371 rogantes

480 2364 747 2481 fflep‘ffim
818 2390 1236 2457 affectuosius
1283 2392 1361 2452 ut
1405 2386 1727 2471 colloquio
1773 2384 1948 2471 regis
1977 2390 2045 2449 et
2076 2384 2350 2464 comitia
2383 2387 2559 2483 quod
2605 2392 2926 2474 speratur,

481 2499 613 2547 ders.
817 2516 859 2560 a
898 2490 1092 2557 nobis
1138 2493 1475 2557 revertens
1522 2488 1741 2553 valeas
1786 2487 2114 2553 interesse.

1753 2925 1993 2992 DLIX.

832 3081 1127 3145 Tnoms
1174 3079 1741 3146 CANTUARIENSIS
1786 3091 2379 3144 ARCHIEPISOOPUS
2425 3093 2522 3143 An
2567 3079 2896 3142 ALExAN-

1614 3197 1815 3247 mum
1864 3197 2110 3247 PAPAM.

1233 3333 1329 3394 (A.
1356 3335 1485 3390 2923
1522 3331 1585 3382 O.
1608 3330 1662 3380 ii.
1686 3334 1783 3379 253
1806 3349 1820 3388 ;
1857 3329 1912 3378 Z.
1939 3329 2007 3378 iv.
2033 3331 2128 3392 613
2163 3327 2345 3379 Thom.
2371 3327 2482 3388 22.)

474 3469 733 3520 Kindness
902 3461 1158 3525 Illustri
1208 3460 1645 3525 Flandrorum
1668 3457 1693 3496 2
1739 3459 1964 3523 comiti
1987 3455 2014 3496 ³
2059 3463 2128 3523 et
2172 3458 2316 3522 viro
2363 3459 2721 3525 clarissimo
2783 3459 2914 3524 Ro-

473 3537 704 3652 ggffiffof
808 3564 997 3630 berto
1042 3564 1428 3630 cancellario
1476 3564 1617 3647 ejus
1662 3562 2015 3648 praeposito
2063 3561 2291 3627 Sancti
2323 3562 2686 3626 Audomari
2743 3585 2914 3649 saepo

474 3670 784 3748 Flandqrsto
810 3691 1030 3755 preces
1076 3691 1196 3756 pro
1241 3673 1468 3734 nostra
1532 3673 1601 3732 et
1668 3671 2043 3730 nostrorum
2107 3663 2496 3730 necessitate
2561 3666 2916 3734 relevanda

473 3735 556 3785 the
580 3739 755 3788 exues.
808 3769 1105 3856 porrexit
1149 3775 1372 3836 vestra
1416 3765 1765 3854 dignatio?-
1806 3789 1972 3853 quas
2019 3766 2118 3832 illi
2165 3789 2421 3853 semper
2485 3767 2722 3834 devote
2768 3791 2911 3834 sus-

808 3875 1023 3960 cipere
1086 3877 1490 3938 curaverunt
1550 3875 1618 3936 et
1685 3870 2034 3956 magnifice
2099 3870 2475 3956 adimplere.
2593 3871 2770 3936 Nam
2835 3881 2915 3939 ut

808 3975 887 4039 de
933 3973 1123 4039 nobis
1168 3972 1254 4038 ad
1300 3993 1588 4058 praesens
1648 3965 2004 4048 taceamuS,
2051 3971 2291 4056 quibus
2352 3971 2618 4036 illorum
2682 3973 2914 4060 benig-

804 4078 1000 4154 nitas,
1046 4075 1119 4139 in
1162 4078 1262 4138 tot
1310 4069 1767 4158 angustiarum
1839 4072 2134 4137 articulis
2181 4077 2250 4136 et
2295 4077 2432 4137 tam
2501 4072 2700 4158 longa
2763 4095 2912 4159 pro-

802 4177 1181 4264 scriptionis
1226 4180 1297 4240 et
1340 4173 1560 4239 exsilii
1605 4173 1983 4251 acerbitate,
2031 4194 2372 4259 nunquam
2439 4175 2669 4253 defuit,
2717 4181 2908 4261 quot-

804 4287 967 4366 quot
1020 4280 1103 4343 de
1168 4278 1411 4342 nostris
1478 4276 1563 4340 ad
1630 4276 1899 4340 illorum
1965 4275 2383 4342 elementiam
2449 4279 2904 4362 confugerunt

802 4387 996 4448 tanta
1040 4380 1126 4446 ab
1172 4380 1254 4444 iis
1314 4377 1733 4444 humanitate
1801 4377 2050 4462 recepti
2119 4382 2295 4456 sunt,
2360 4383 2552 4442 tanta
2619 4377 2909 4444 liberali-

802 4485 965 4552 tatis
1012 4481 1429 4568 indulgentia
1458 4481 1753 4558 recreati,
1784 4484 1865 4546 ut
1909 4499 2043 4544 non
2088 4483 2228 4546 tam
2261 4500 2598 4567 pauperes,
2631 4483 2911 4561 exsules,

866 4715 881 4744 ¹
918 4713 986 4762 R.
1013 4709 1205 4774 (initial
1230 4711 1377 4760 letter
1400 4711 1571 4774 only),
1594 4709 1649 4760 Z.
1957 4707 1980 4740 ³
2016 4709 2203 4770 comite,
2227 4709 2291 4760 G.

860 4791 882 4822 2
916 4787 1245 4851 Francorum,
1268 4789 1330 4840 Ο,
1956 4787 1976 4818 ⁴
2012 4786 2259 4850 (liquarit),
2283 4787 2352 4849 A,
2375 4787 2444 4849 Z3
2481 4787 2722 4854 diffinita-3,
2747 4789 2814 4842 G.
