3634 5800
578 1606 790 1657 Canter-

579 1675 709 1737 bury
734 1676 833 1724 and

580 1741 723 1789 York
731 1778 741 1790 .

568 4055 681 4105 The

570 4122 754 4185 bishop
778 4123 835 4174 of

569 4189 773 4238 Exeter.

916 882 1045 941 388
1793 893 2150 945 nmsroLAE.
2633 880 2792 965 [AD.
2830 880 3023 947 1170.

914 1083 1340 1170 ampliorem3
1405 1086 1565 1169 quia
1632 1090 1882 1170 quanto
1954 1084 2066 1151 ille
2112 1085 2452 1171 potentior
2496 1089 2566 1150 et
2609 1083 2892 1151 ferocior
2921 1090 3023 1150 est

916 1191 1107 1251 tanto
1152 1186 1239 1251 ad
1286 1187 1501 1272 ipsum
1565 1187 1992 1252 vinciendum
2039 1193 2110 1252 et
2175 1187 2690 1274 reprimendum,
2737 1188 3022 1253 arctiora

916 1290 1185 1355 vincula
1230 1289 1443 1375 magis
1484 1290 1853 1355 necessaria
1897 1295 2058 1355 sunt
2104 1294 2172 1354 et
2216 1290 2444 1355 durior
2475 1290 2768 1356 baculus
2845 1291 3020 1355 Prae·

916 1394 1097 1455 terea
1178 1392 1340 1477 quia
1412 1392 1914 1458 turbationibus
1989 1391 2370 1477 hujusmodi
2445 1393 2874 1457 seminarium
2949 1398 3019 1457 et

917 1493 1122 1557 fomes
1169 1495 1453 1570 exstitit,
1519 1492 1697 1579 quod
1764 1492 2200 1559 Eboracensis
2265 1494 2538 1560 ecclesia
2601 1495 2800 1558 matri
2865 1514 3014 1569 suae,

917 1600 1162 1660 sanctae
1232 1596 1699 1663 Cantuariensi
1791 1596 2097 1673 ecclesiae,
2143 1598 2484 1663 subtraxit
2558 1596 3016 1671 obedientiam,

914 1698 1376 1783 redintegrate,
1442 1700 1497 1762 si
1564 1699 1801 1785 placet,
1871 1698 2157 1763 ecclesiae
2219 1700 2606 1783 Anglicanae
2672 1699 3018 1774 unitatem,

916 1801 1358 1885 praecipiendo
1406 1800 1777 1885 quatenus,¹
1831 1800 2012 1865 omni
2058 1800 2503 1886 appellatione
2570 1805 2640 1865 et
2685 1800 3015 1865 occasione

912 1908 1182 1979 remota,
1262 1904 1687 1967 Eboracensis
1762 1902 2289 1989 archiepiscopus
2385 1908 2454 1967 et
2535 1903 2806 1968 ecclesia
2897 1921 3016 1965 sua

913 2004 1125 2067 nostri
1203 2006 1345 2090 juri
1412 2005 1738 2090 primatus
1802 2004 2106 2083 obediat3
2181 2004 2374 2090 quod,
2461 2006 2518 2069 si
2609 2005 3014 2071 decessorum

914 2111 1281 2171 vestrorum
1331 2108 1615 2193 vestigia
1659 2106 2004 2171 volueritis
2072 2107 2343 2183 imitari,
2389 2108 2600 2192 liquet
2645 2106 3014 2173 faciendum

915 2227 1071 2283 esse,
1116 2209 1389 2293 regestis
1410 2206 1435 2246 2
1500 2230 1725 2273 eorum
1773 2207 2130 2294 diligenter
2174 2210 2502 2293 inspectis.
2597 2208 2832 2294 Neque
2891 2208 3014 2271 hoc

914 2312 1122 2398 (quod
1167 2311 1349 2376 Deus
1417 2312 1637 2395 novit)
1685 2312 2044 2396 quaerimus
2089 2312 2172 2377 ad
2221 2312 2496 2397 gloriam
2541 2317 2855 2388 nostram,
2900 2309 3014 2395 qui

912 2416 1171 2480 utinam
1248 2414 1573 2499 pastorale
1638 2434 1769 2478 non
1837 2414 2344 2499 suscepissemus
2411 2412 2713 2492 officium,
2788 2412 3016 2499 procul

914 2516 1117 2580 dubio
1180 2521 1391 2580 morte
1455 2521 1707 2580 aeterna
1769 2520 1892 2580 aut
1957 2516 2260 2601 plurimis
2340 2515 2611 2601 plenum
2673 2518 3016 2602 angustiiS,

912 2620 1025 2683 sed
1057 2622 1155 2695 ut,
1184 2619 1257 2682 in
1302 2618 1533 2682 diebus
1563 2618 1803 2683 vestris
1849 2624 1920 2683 et
1963 2619 2226 2694 nostriS,
2257 2618 2640 2703 frequenter
2683 2640 3015 2705 emergen-

912 2722 1083 2786 tium
1154 2720 1579 2785 schismatum
1605 2718 1632 2757 3
1693 2720 2096 2803 praecidatur
2161 2720 2431 2797 eccesie,
2499 2726 2569 2784 et
2627 2721 3013 2807 Anglicanae

910 2822 1197 2887 ecclesiae
1242 2827 1576 2908 perpetua,
1622 2826 1845 2885 vestro
1894 2819 2224 2899 beneficio,
2252 2841 2388 2908 pax
2431 2822 2759 2887 reddatur.
2853 2822 3015 2887 Haec

910 2926 1100 2991 vobis
1146 2926 1443 3003 dicimus,
1488 2946 1708 2991 coram
1753 2925 1870 2990 illo
1917 2925 2032 3010 qui
2076 2925 2420 3010 utriusque
2466 2931 2764 2991 nostrum
2803 2926 3013 3010 judex

910 3034 1029 3104 est,
1075 3037 1143 3092 et
1188 3028 1293 3092 cui
1341 3035 1641 3091 tenemur
1686 3026 1767 3091 de
1814 3027 2120 3091 omnibus
2164 3026 2432 3091 reddere
2477 3027 2816 3095 rationem.
2892 3029 3014 3094 Ille

912 3130 1101 3195 vobis
1146 3129 1425 3215 inspstet
1471 3133 1540 3193 et
1586 3128 1820 3194 doceat
1863 3129 2026 3213 quid
2057 3129 2397 3214 potissime
2441 3129 2654 3194 facere
2699 3131 3010 3196 debeatis

911 3233 1212 3297 Audistis
1257 3252 1535 3316 agonem
1579 3236 1899 3307 nostrum,
1947 3230 2078 3309 sed,
2127 3236 2205 3295 ut
2249 3237 2620 3296 nost-ratum
2666 3234 3014 3317 proverbio

910 3335 1043 3400 dici
1140 3334 1347 3398 solet:
1427 3333 1677 3397 “Solus
1752 3333 1865 3397 ille
1953 3334 2058 3396 cui
2145 3333 2479 3398 vicinatur
2552 3335 2725 3419 ignis
2807 3337 3014 3401 sentit

910 3437 1261 3502 ardorem.”
1356 3435 1703 3500 Credimus
1748 3457 1871 3499 nos
1932 3435 2002 3498 in
2065 3435 2379 3520 Angliam
2427 3437 2848 3522 profecturos
2927 3441 3011 3503 ad

911 3561 1137 3625 pacem
1184 3559 1271 3604 an
1316 3539 1403 3602 ad
1450 3559 1715 3624 poenam
1762 3537 1955 3602 nobis
2001 3539 2324 3603 incertum
2375 3545 2489 3615 est,
2538 3541 2652 3604 sed
2685 3538 3010 3605 divinitus

911 3643 1289 3705 ordinatum
1384 3661 1533 3724 quae
1620 3661 1759 3704 sors
1865 3661 1984 3704 nos
2049 3646 2408 3724 exceptura
2494 3641 2601 3705 sit.
2723 3641 3010 3728 Ideoque

906 3745 1294 3830 paternitati
1328 3748 1567 3807 vestrae
1596 3743 2128 3808 commendamus
2159 3743 2414 3807 animas
2457 3748 2735 3821 nostraS,
2763 3748 3010 3830 gratias

906 3853 1174 3932 agentes
1220 3846 1408 3910 vobis
1462 3850 1532 3909 et
1594 3844 1973 3930 apostolicae
2039 3845 2178 3908 sedi
2242 3867 2440 3931 super
2507 3846 2813 3911 omnibus
2857 3869 3008 3912 con-

907 3945 1339 4011 solationibus
1368 3966 1533 4030 quas
1563 3946 1755 4016 nobis
1788 3950 1857 4010 et
1901 3946 2162 4024 nostriS‚
2197 3946 2270 4009 in
2315 3951 2524 4012 tantae
2545 3946 2572 3985 ⁴
2599 3949 3008 4014 necessitatis

906 4049 1202 4124 articulo,
1266 4047 1693 4112 ministravit.
1788 4047 2137 4123 Praeterea,
2183 4050 2505 4114 noveritis
2551 4050 3010 4117 indubitanter

904 4151 1080 4237 quod
1128 4149 1522 4214 venerabilis
1564 4149 1766 4215 frater
1810 4156 2035 4216 noster
2079 4151 2581 4218 Bartholomeus
2618 4152 3008 4220 Exoniensis

904 4255 1245 4339 episcopus
1292 4275 1332 4316 a
1376 4253 1569 4338 culpa
1596 4259 2020 4338 praesumptte
2051 4255 2490 4319 coronationis
2526 4256 2839 4320 immunis
2885 4263 3004 4333 est,

902 4368 972 4421 et
1016 4356 1141 4420 sub
1184 4354 1309 4422 hac
1371 4360 1762 4441 tempestate
1826 4357 1911 4421 ab
1955 4357 2348 4422 adversariis
2394 4357 2694 4436 ecclesiae,
2739 4365 3008 4446 propter

962 4535 1073 4540 ψ-
1101 4535 1292 4540 ---.-—--
1357 4534 1432 4540 -—--
1459 4534 1549 4541 *-
1573 4535 1658 4541 .-..-

1934 4535 2051 4542 ——..--

966 4647 982 4679 ¹
1018 4663 1139 4711 qua,
1162 4647 1232 4697 A.
1943 4653 1952 4767 ι
2057 4647 2079 4680 ³
2111 4648 2404 4710 scismatum,
2437 4649 2508 4711 A,
2543 4649 2607 4712 Ο,
2641 4651 2682 4700 Ζ
2700 4672 2720 4708 ‚·
2751 4651 3001 4702 scismati-

962 4725 985 4757 2
1016 4727 1261 4788 reyistris,
1286 4727 1344 4774 L.
1989 4743 2112 4790 cnm,
2134 4728 2187 4779 V
2208 4747 2221 4788 ς
2257 4728 2694 4792 schismaticorum,
2719 4729 2782 4781 L.

1944 4772 1950 4843 l
2052 4807 2074 4838 ⁴
2109 4806 2342 4874 tantoesss
2362 4831 2374 4868 ;
2395 4809 2662 4874 ,tantost'ln
