3634 5800
632 874 763 925 A.1>.
802 858 1021 945 1171.]
1522 876 1887 927 nms‘rOLAE.
2605 863 2732 925 505

632 1061 971 1148 grinorum
1016 1070 1087 1129 et
1131 1064 1248 1150 qui
1292 1088 1398 1131 me
1457 1086 1799 1151 nunquam
1863 1064 2172 1130 viderant
2234 1065 2734 1130 multitudinem

574 1180 579 1185 ·
632 1164 1102 1244 subornabant,
1134 1173 1213 1232 ut
1260 1188 1337 1233 ea
1380 1190 1529 1254 quae
1574 1188 1711 1232 non
1740 1172 2064 1232 noverant
2107 1166 2522 1245 mentientes,
2555 1168 2735 1253 apud

631 1286 963 1331 summum
1015 1268 1393 1353 pontificem
1460 1274 1528 1334 et
1576 1268 1846 1335 Curiam
1908 1268 2275 1334 Romanam
2344 1290 2733 1355 quocunque

633 1368 829 1434 modo
871 1369 1117 1435 famam
1164 1378 1531 1437 onerarent.
1626 1372 1886 1437 Absens
1919 1393 2116 1449 eram,
2148 1377 2220 1436 et
2262 1372 2384 1457 qui
2427 1393 2512 1436 ex
2542 1378 2732 1457 parte

635 1490 781 1536 mea
827 1472 899 1537 in
964 1475 1146 1539 curia
1212 1474 1405 1561 pauci
1471 1478 1682 1540 tantae
1752 1473 2173 1539 multitudini
2237 1474 2360 1537 vix
2433 1474 2735 1539 resistere

634 1578 961 1656 poterant,
992 1580 1129 1641 tam
1164 1576 1515 1661 exquisitis
1560 1576 1767 1660 pressi
1815 1575 2219 1653 mendaciis;
2265 1574 2552 1640 maxime
2583 1596 2734 1641 cum

635 1675 924 1759 quidam,
970 1678 1110 1745 solo
1155 1679 1412 1756 habitu,
1442 1677 1751 1763 religiosi,
1799 1677 2108 1743 videntes
2153 1677 2302 1741 illos
2363 1678 2733 1764 prosperari

635 1776 707 1841 in
752 1779 1219 1865 iniquitatibus
1280 1782 1435 1857 suis,
1480 1802 1632 1845 cum
1678 1780 1813 1845 illis
1883 1780 2256 1857 currebant,
2301 1785 2370 1845 et
2437 1781 2736 1868 neglecto

636 1877 763 1943 Dei
806 1881 1061 1959 timore,
1105 1882 1191 1947 ad
1252 1882 1659 1948 eversionem
1708 1882 2060 1969 dignitatis
2123 1881 2410 1947 ecclesiae
2473 1887 2736 1960 nostrae,

637 2002 773 2047 una
829 2004 979 2048 cum
1040 1984 1497 2050 meretricibus
1560 1984 1699 2049 suis
1743 2005 1910 2070 quas
1973 2005 2194 2049 secum
2261 1983 2590 2049 duxerant
2653 2006 2737 2049 ne

636 2084 785 2167 quis
830 2106 1028 2151 sexus
1072 2108 1338 2173 persecu
1348 2086 1525 2152 tione
1570 2108 1735 2151 meae
1796 2086 2070 2163 deesset,
2117 2084 2332 2151 multa
2398 2086 2734 2151 dixerunt.

635 2183 731 2249 Hi
776 2207 1001 2253 omnes
1046 2190 1118 2255 in
1162 2211 1375 2255 unum
1420 2189 1889 2255 convenientes
1936 2194 2418 2274 proposuerunt
2481 2188 2554 2253 in
2597 2210 2738 2256 cor-

636 2286 831 2353 dibus
876 2291 1013 2355 suis
1058 2292 1362 2377 gigantes
1408 2290 1675 2367 imitari,
1722 2292 2044 2376 parietem
2079 2313 2163 2356 ex
2209 2292 2516 2357 maximis
2548 2294 2737 2378 quasi

636 2391 1032 2475 quibusdam
1077 2394 1410 2481 lapidibus
1442 2398 1512 2459 et
1556 2394 1785 2458 multis
1833 2394 2205 2473 mendaciis,
2236 2393 2409 2460 fictis
2453 2396 2540 2462 ad
2570 2402 2738 2460 tem-

638 2516 763 2580 pus
806 2498 1105 2584 suspiriis
1150 2504 1220 2563 et
1282 2497 1663 2585 gemitibuS,
1710 2518 1848 2561 non
1917 2496 2129 2561 solum
2198 2496 2440 2573 domos,
2486 2498 2600 2562 sed
2670 2502 2738 2561 et

637 2599 891 2683 plateas
934 2600 1263 2686 replentes
1306 2599 1549 2664 diurno
1597 2602 1666 2663 et
1710 2602 2034 2663 nocturno
2101 2597 2378 2675 ululatu,
2425 2598 2738 2663 eundem-

640 2722 767 2787 que
842 2702 1061 2788 ipsum
1138 2703 1459 2788 parietem
1534 2707 1856 2786 tanquam
1930 2700 2217 2785 quodam
2295 2700 2736 2766 indissolubili

638 2803 984 2883 bitumine,
1030 2805 1170 2869 vim
1214 2810 1475 2869 naturae
1519 2804 1854 2877 facienteS‚
1886 2801 2218 2867 simulatis
2265 2802 2552 2869 lacrimis
2581 2802 2736 2866 lini-

636 2911 851 2984 erunt,
898 2912 1241 2993 sperantes
1285 2907 1409 2973 hoc
1438 2907 1635 2972 modo
1664 2905 1906 2971 coelum
1938 2927 2009 2970 se
2069 2905 2370 2971 claudere
2416 2927 2622 2991 posse,
2671 2909 2738 2970 et

638 3009 991 3075 veritatem
1066 3015 1387 3096 perpetuo
1460 3009 1702 3075 carceri
1778 3009 2117 3094 deputare.
2242 3008 2420 3089 Quid
2495 3009 2736 3094 plura?

637 3109 823 3176 Idem
870 3111 1123 3178 Pharao
1154 3111 1417 3177 illorum
1448 3111 1560 3176 ille
1604 3110 1987 3195 spiritualia
2034 3111 2222 3197 cujus
2268 3110 2397 3197 ipsi
2445 3111 2740 3176 membra

636 3219 811 3290 sunt,
857 3215 930 3278 in
972 3214 1096 3280 tali
1141 3214 1442 3300 equitatu
1504 3212 1803 3278 incedere
1872 3212 2224 3276 videbatur
2268 3234 2416 3278 cum
2483 3233 2738 3292 corona,

634 3322 706 3381 et
750 3337 885 3402 ego,
932 3315 1164 3380 misere
1210 3313 1476 3401 cophini
1520 3313 1832 3379 servituti
1892 3314 2269 3399 deputatus,
2313 3313 2738 3400 respiciebam

635 3419 723 3483 ad
765 3419 1091 3484 auxilium
1157 3417 1497 3483 hominum
1544 3421 1614 3480 et
1678 3437 1815 3480 non
1861 3421 2018 3481 erat.
2113 3415 2271 3481 Cuti
2337 3417 2513 3481 enim
2558 3438 2737 3493 meae,

638 3523 1043 3610 consumptis
1088 3521 1411 3600 carnibus,
1444 3540 1517 3584 os
1560 3539 1779 3582 meum
1827 3519 2212 3585 adhaeserat.
2305 3517 2556 3584 Levavi
2587 3540 2742 3604 ergo

637 3630 724 3696 ad
769 3628 1001 3695 caelum
1048 3624 1283 3701 oculoS‚
1332 3629 1400 3689 et
1443 3623 1518 3687 in
1580 3621 1890 3708 angustia
1953 3619 2228 3707 spiritus
2273 3621 2402 3684 mei
2471 3621 2558 3684 ad
2607 3621 2742 3685 Do-

638 3732 894 3798 minum
939 3728 1237 3804 clamavi,
1284 3731 1351 3792 et
1410 3722 1970 3790 intercedentibus
2016 3723 2268 3788 meritis
2313 3728 2383 3789 et
2427 3723 2739 3789 orationi-

638 3837 761 3902 bus
829 3834 1081 3910 vestris,
1152 3829 1499 3898 exaudivit
1565 3849 1671 3893 me
1733 3848 1853 3913 pro
1915 3847 2038 3892 sua
2099 3825 2485 3892 reverentia.
2611 3825 2744 3906 Qui

640 3937 878 4004 malleo
920 3933 1247 4000 bonitatis
1276 3953 1417 3996 suae
1461 3931 1729 4007 innatae,
1764 3927 2081 4014 praedicto
2126 3926 2380 4012 pariete
2410 3925 2744 3992 confracto

640 4045 709 4105 et
776 4040 849 4102 in
922 4035 1206 4102 nihilum
1268 4032 1553 4109 redacto,
1625 4029 2043 4116 fugientibus
2117 4027 2524 4112 Babyloniis,
2592 4049 2741 4113 quae

641 4140 863 4208 clausa
926 4137 1281 4202 tenebatur
1353 4133 1709 4198 veritatem
1785 4130 2038 4206 eduxit,
2104 4134 2174 4194 et
2237 4128 2537 4213 squalore
2602 4149 2740 4194 car-

643 4241 841 4308 cerali
908 4240 1185 4314 deters0,
1249 4235 1527 4300 liberam
1603 4234 1675 4296 in
1737 4231 2078 4319 publicum
2153 4230 2336 4296 exire
2410 4229 2740 4316 praecepit.

645 4343 810 4424 Quae
856 4339 1051 4405 simul
1098 4358 1175 4404 ac
1218 4357 1355 4402 suae
1407 4332 1669 4399 reddita
1712 4337 1814 4398 est
1875 4331 2190 4408 libertati,
2237 4330 2324 4394 ad
2391 4351 2496 4396 me
2565 4329 2742 4396 velo-
2769 4341 2868 4393 His
2890 4343 2978 4419 ab·

642 4446 807 4512 citer
852 4440 1161 4518 evolavit,
1210 4441 1279 4503 et
1324 4437 1397 4501 in
1440 4434 1795 4522 praesentia
1841 4433 2256 4499 dominorum
2287 4433 2567 4499 Rotrodi
2612 4433 2742 4499 Ro-
2769 4410 3009 4462 ⁸⁰¹⁰t¹⁰²

643 4543 1044 4631 tomagensis
1089 4545 1160 4606 et
1205 4559 1431 4605 eorum
1476 4557 1640 4623 quos
1701 4535 2042 4621 episcopus
2086 4534 2556 4601 Ambianensis
2600 4535 2743 4600 vice

644 4669 765 4714 sua
810 4645 1249 4731 delegaverat,
1278 4639 1520 4727 quibus
1552 4637 1893 4724 negotium
1937 4658 2158 4702 meum
2189 4657 2232 4700 a
2276 4636 2542 4702 domino
2572 4659 2746 4724 papa

646 4745 1065 4817 commissum
1128 4746 1289 4820 erat,
1332 4759 1589 4806 necnon
1632 4744 1703 4803 et
1768 4737 2058 4824 episcopi
2103 4736 2513 4804 Ebroicensis
2578 4739 2746 4803 mul-
