3634 5800
854 879 981 942 260
1064 909 1071 924 ·
1728 889 2088 938 EPISTOLAE.
2575 868 2730 954 [Am.
2768 867 2958 938 1170.

854 1075 1072 1154 timus,
1167 1077 1531 1141 ostendatis
1626 1075 1993 1140 venerabili
2081 1074 2272 1138 fratri
2365 1078 2592 1138 nostro
2676 1073 2958 1157 Rogerio

857 1175 1247 1242 Eboracensi
1332 1177 1820 1263 archiepiscopo
1873 1180 1941 1240 et
2009 1175 2159 1240 aliis
2227 1175 2546 1240 fratribus
2609 1179 2678 1238 et
2745 1174 2960 1259 coepi-

855 1280 1066 1363 scopis
1126 1280 1383 1356 nostris,
1438 1284 1507 1343 et
1568 1277 1947 1355 inhibeatis,
1992 1278 2390 1343 auctoritate
2453 1277 2704 1341 domini
2751 1299 2956 1362 papae,

858 1400 975 1442 vos
1021 1384 1091 1444 et
1120 1379 1235 1444 alii
1254 1379 1277 1416 ¹
1324 1380 1563 1444 fratres
1592 1380 1804 1444 nostri
1851 1401 1934 1443 ne
1980 1379 2296 1463 praefatus
2344 1377 2772 1443 Eboracensis
2817 1377 2956 1442 filio

857 1478 1107 1543 domini
1152 1481 1324 1565 regis
1370 1481 1881 1546 consecrationis
1946 1501 2187 1543 munus
2235 1480 2406 1556 dare,
2454 1483 2575 1543 aut
2635 1500 2956 1556 coronam,

856 1582 912 1643 si
956 1581 1082 1647 hoc
1126 1582 1211 1646 ab
1256 1604 1332 1646 eo
1380 1583 1665 1668 petitum
1710 1582 1931 1659 suerit,
1978 1587 2336 1666 praesumat
2381 1582 2728 1666 imponere.
2817 1580 2958 1645 Sub

856 1683 1083 1747 eadem
1130 1683 1667 1748 interminatione
1737 1682 2171 1767 praecipimus‚
2218 1686 2296 1745 ut
2341 1681 2646 1746 similiter
2689 1680 2812 1746 hoc
2857 1681 2961 1744 in·

854 1782 1139 1847 hibeatis
1230 1784 1548 1870 episcopis
1640 1783 2082 1847 Londoniensi
2160 1787 2228 1847 et
2319 1781 2813 1858 Saresberiensi‚
2888 1786 2958 1846 et

853 1890 1122 1965 caeteris,
1152 1890 1211 1953 si
1257 1890 1403 1974 quis
1449 1888 1572 1953 hoc
1612 1909 1811 1953 ausus
1853 1888 2054 1952 fuerit
2093 1892 2441 1952 attentare.
2536 1887 2682 1952 Hoc
2715 1891 2959 1963 autem,

855 1989 997 2053 Deo
1044 1995 1211 2054 teste
1258 1996 1327 2054 et
1372 1990 1623 2064 Judice‚
1672 2011 1806 2053 non
1851 1989 1922 2052 in
1973 1989 2220 2054 domini
2267 1989 2454 2073 regiS‚
2500 1992 2620 2052 aut
2663 1985 2788 2050 filii
2833 1987 2953 2064 sui,

855 2094 974 2153 aut
1036 2091 1502 2176 cujuscumque
1574 2089 1682 2153 vel
1746 2088 2034 2155 ecclesiae
2111 2088 2216 2152 vel
2293 2109 2586 2174 personae
2656 2109 2741 2152 ex
2803 2109 2956 2152 con-

857 2193 1133 2256 scientia
1176 2196 1405 2256 nostra
1449 2191 1838 2266 mandamus
1883 2190 2213 2275 injuriam,
2259 2190 2376 2255 sed
2421 2212 2504 2255 ex
2549 2190 2955 2266 necessitate,

857 2313 989 2376 qua
1051 2293 1344 2378 cogimur
1410 2292 1695 2357 ecclesiae
1765 2291 2262 2356 Cantuariensis
2317 2291 2473 2375 jura
2535 2312 2656 2376 pro
2701 2291 2954 2356 viribus

855 2414 1253 2458 conservare.
1345 2393 1573 2458 Parati
1642 2393 1817 2456 enim
1887 2413 2129 2469 sumus,
2175 2392 2232 2456 si
2301 2393 2567 2457 domino
2629 2392 2766 2478 regi
2813 2393 2956 2478 pla-

855 2495 1084 2572 cuerit,
1128 2493 1337 2558 filium
1385 2516 1577 2558 suum
1638 2515 1964 2568 coronare,
2011 2514 2131 2578 pro
2197 2493 2420 2558 debito
2483 2492 2678 2558 officii
2725 2495 2951 2572 nostri,

856 2601 925 2661 et
971 2596 1235 2680 utrique
1296 2595 1609 2660 honorem
1668 2595 1968 2659 debitum
2015 2599 2084 2658 et
2128 2595 2565 2660 reverentiam
2627 2595 2950 2660 exhibere.

860 2697 1015 2760 Non
1059 2695 1329 2761 vacillet
1396 2696 1469 2760 in
1535 2696 1641 2760 his
1704 2695 2077 2781 implendis,
2129 2696 2330 2760 frater
2397 2697 2746 2772 carissime,
2793 2696 2954 2760 fides

860 2803 1100 2873 vestra,
1144 2797 1299 2882 quia
1345 2797 1557 2861 fidelis
1604 2802 1705 2861 est
1750 2797 1949 2872 DeuS,
1996 2797 2112 2881 qui
2157 2818 2274 2861 vos
2331 2817 2530 2882 supra
2574 2797 2748 2861 vires
2807 2803 2953 2861 ten-

860 2899 990 2963 tari
1052 2921 1188 2963 non
1250 2898 1559 2984 patietur.
1652 2897 1984 2965 Oonfidite
2053 2920 2206 2984 ergo
2271 2898 2343 2963 in
2409 2899 2581 2984 Ipse,
2627 2899 2743 2984 qui
2789 2899 2955 2965 vicit

853 3001 1192 3077 mundum,
1240 3006 1309 3065 et
1376 3002 1808 3065 memineritis
1855 3002 2200 3085 quoniam,
2247 3003 2360 3086 qui
2409 3003 2603 3066 timet
2647 3002 2952 3087 pruinam

854 3102 1063 3166 irruet
1124 3122 1322 3186 super
1385 3124 1535 3166 eum
1602 3101 1741 3179 nix,
1810 3107 1880 3166 et
1948 3103 2062 3187 qui
2126 3101 2415 3167 declinat
2480 3124 2665 3167 arma
2727 3102 2954 3178 ferrea,

854 3210 1202 3288 sequenter
1221 3202 1247 3241 ²
1292 3204 1529 3269 incidit
1574 3204 1645 3267 in
1691 3225 1915 3269 arcum
1961 3225 2235 3269 aeneum.

516 3354 663 3422 Virg.
688 3358 812 3406 AEn.
1259 3338 1291 3363 “
1315 3328 1686 3415 Degeneres
1732 3330 1987 3395 animos
2033 3329 2233 3393 timor
2278 3330 2554 3415 arguit‚''

520 3421 587 3471 iv.
618 3426 695 3472 ¹³·
854 3461 923 3521 et
966 3457 1229 3521 fortiter
1272 3477 1463 3521 ausos
1500 3456 1769 3541 juvabit
1812 3455 2043 3541 gratia,
2075 3455 2287 3542 gloria
2317 3455 2668 3521 coronabit.
2748 3456 2955 3537 Quid-

856 3558 1019 3643 quid
1062 3562 1269 3643 agant
1312 3558 1445 3634 alii,
1476 3557 1667 3621 nobis
1714 3578 2096 3643 persuasum
2144 3561 2245 3621 est
2290 3556 2468 3641 quod
2512 3559 2953 3623 constantiam

858 3664 1145 3723 vestram
1210 3658 1460 3721 nullius
1524 3658 1811 3721 turbinis
1881 3658 2169 3743 impetus
2213 3656 2519 3743 franget3
2564 3658 2741 3741 quod
2805 3679 2953 3743 quae

857 3761 938 3825 de
985 3782 1094 3825 ore
1141 3764 1361 3824 vestro
1422 3763 1894 3845 processerunt,
1942 3763 2011 3823 et
2080 3763 2218 3822 tam
2265 3763 2486 3823 vestro
2555 3780 2752 3843 quam
2817 3759 2954 3845 epi-

854 3862 1034 3947 scopi
1112 3860 1538 3926 Lexoviensis
1614 3861 1862 3946 scripto
1931 3860 2370 3935 continentur,
2435 3864 2504 3924 et
2521 3858 2548 3898 ³
2608 3860 2954 3945 utriusque

856 3964 1228 4029 charactere
1272 3964 1589 4049 impressa
1634 3967 1792 4049 sunt
1837 3967 1906 4027 et
1951 3982 2275 4046 expressa,
2321 3982 2456 4026 non
2505 3967 2701 4026 erunt
2744 3962 2954 4027 irrita.

854 4068 1053 4132 Absit
1120 4068 1298 4131 enim
1342 4072 1423 4131 ut
1466 4089 1820 4153 generosus
1884 4067 2153 4153 sanguis
2215 4068 2307 4130 sit
2372 4065 2612 4131 animae
2677 4066 2954 4153 degene-

852 4170 1061 4234 rantis
1107 4168 1594 4248 habitaculum3
1642 4174 1718 4233 ut
1765 4187 1884 4254 per
1927 4190 2046 4233 vos
2092 4168 2276 4233 tituli
2307 4174 2572 4254 patrum
2602 4168 2954 4234 obliteren·

856 4276 982 4346 tur,
1058 4275 1136 4334 ut
1212 4291 1643 4354 quaecumque
1732 4270 2089 4355 trepidatio
2175 4270 2416 4335 mentis
2492 4275 2611 4334 aut
2684 4270 2955 4357 ignavia

852 4372 1066 4456 operis
1113 4372 1377 4436 evincat
1420 4372 1646 4457 patris,
1690 4372 1807 4456 qui
1854 4392 1971 4435 vos
2016 4371 2324 4435 omnibus
2367 4370 2590 4435 liberis
2635 4371 2952 4457 praetulit,

858 4528 1154 4540 -—-—-——·-——

918 4622 933 4655 1
972 4636 1055 4671 vos
1078 4628 1125 4671 et
1148 4623 1322 4682 nostri,
1344 4623 1410 4683 A,
1428 4622 1491 4684 O,
1509 4622 1559 4672 V
1580 4624 1654 4687 (V
1667 4620 1858 4689 having
1943 4595 2822 4739 Segglegrwgtthqzuznxrquznm’
2871 4596 2917 4649 Ο
2937 4618 2951 4657 3

836 4727 1038 4791 fratri)
1060 4749 1075 4788 ;
1112 4742 1213 4777 om·
1236 4727 1301 4789 L,
1324 4726 1388 4777 G·
2008 4751 2031 4783 ⁸
2063 4760 2132 4812 ut,
2153 4711 2250 4803 ihs.
2273 4711 2360 4813 ’Ἲς
2397 4752 2506 4813 σιώ,
2531 4751 2600 4805 L.
2619 4710 2635 4735 '
2713 4711 2727 4725 ο
