3634 5800
193 0 1342 92 *ww
1365 0 1719 32 *vv-'W‘

395 81 404 90 “
701 71 712 86 Ι
777 53 818 72 ,.
849 77 874 94 .-
949 45 988 68 ο.
1117 43 1126 52 ·

657 862 792 911 ΑΛ).
838 846 1051 929 1169.]
1532 863 1891 911 EPIsToLAE.
2652 857 2685 916 1
2705 856 2722 915 Ι
2741 859 2779 921 9

658 1056 913 1135 ponant
972 1053 1047 1117 in
1090 1052 1363 1117 auribus
1410 1052 1672 1117 vestris,
1766 1052 1811 1116 J
1812 1073 1922 1117 am
1987 1050 2168 1117 enim
2233 1072 2423 1117 rarus
2485 1058 2588 1116 est
2636 1050 2769 1134 qui,

656 1152 861 1215 etiam
922 1174 1073 1218 cum
1137 1174 1378 1239 magna
1442 1152 1831 1218 difficultate
1897 1154 2074 1217 inter
2149 1158 2255 1217 tot
2329 1152 2626 1238 pericula
2701 1159 2770 1217 et

658 1260 920 1331 mortes,
980 1256 1223 1320 audeat
1290 1256 1599 1341 prosequi
1660 1256 2086 1319 necessitates
2131 1259 2408 1331 nostras,
2453 1276 2604 1319 cum
2651 1254 2768 1317 alii

655 1355 1061 1434 incarcerati,
1106 1357 1226 1423 alii
1270 1358 1467 1443 capti,
1513 1356 1629 1422 alii
1674 1356 2010 1443 flageHati‚
2055 1356 2171 1421 alii
2218 1358 2484 1433 mortui,
2533 1356 2768 1421 diebus

658 1456 797 1522 fere
857 1460 1139 1545 singulis
1182 1458 1580 1537 audiantur3
1642 1463 1713 1523 et
1775 1480 1894 1523 rex
1937 1458 2330 1543 Anglorum,
2378 1459 2497 1543 qui
2543 1465 2766 1523 tanto-

658 1582 807 1625 rum
852 1562 1175 1627 malorum
1220 1582 1417 1627 causa
1459 1582 1599 1625 esse
1645 1560 2070 1646 dignoscitur,
2112 1582 2249 1626 non
2294 1562 2490 1625 modo
2549 1563 2766 1646 impu-

657 1662 891 1727 nitus¹
936 1668 1295 1739 remaneat,
1354 1662 1473 1727 sed
1536 1662 1830 1748 gaudeat
1885 1664 1958 1725 in
2003 1663 2388 1728 confusione
2455 1664 2768 1745 ecclesiae,

656 1770 727 1828 et
788 1766 861 1827 in
923 1764 1232 1851 periculis
1301 1764 1517 1829 rideat
1583 1764 1862 1843 alienis;
1923 1786 2073 1828 cum
2098 1763 2124 1802 ²
2191 1766 2330 1843 diu,
2393 1766 2452 1829 si
2502 1764 2766 1850 Spiritu

654 1866 785 1931 Dei
827 1872 1153 1953 ageretur,
1218 1866 1660 1931 mansuetudo
1726 1872 1970 1942 vestra,
2015 1866 2090 1929 in
2153 1866 2371 1931 multa
2433 1866 2770 1953 patientia

654 1971 1006 2047 sustinens,
1055 1970 1377 2035 debuerat
1439 1968 1527 2033 ad
1588 1968 2061 2052 poenitentiam
2132 1990 2537 2053 provocasse.
2632 1968 2766 2034 Sed

654 2072 786 2151 iile,
857 2072 1017 2135 dum
1084 2076 1355 2156 peccata
1424 2070 1710 2155 peccatis
1780 2076 1851 2133 et
1919 2072 2177 2135 minora
2244 2070 2608 2155 majoribus
2654 2092 2764 2137 cu-

660 2176 890 2252 mulat,
953 2175 1081 2239 sibi
1142 2174 1411 2239 videtur
1476 2172 1922 2237 thesaurizare
1985 2173 2169 2249 iram,
2241 2186 2310 2238 et
2374 2172 2770 2239 temeraria³

658 2278 1125 2362 provocatione
1168 2274 1531 2341 accelerare
1554 2272 1581 2309 ‘¹
1624 2273 2014 2339 vindictam.
2107 2274 2276 2339 Toto
2311 2274 2768 2361 quinquennio

660 2376 735 2439 in
779 2376 1117 2441 ecclesiam
1156 2374 1602 2447 ,debacchatus
1648 2378 1768 2450 est,
1814 2380 1884 2438 et
1915 2395 2037 2458 ego
2088 2374 2292 2458 (quod
2341 2376 2484 2440 sine
2530 2376 2768 2439 timore

662 2499 798 2542 non
896 2478 1195 2562 eloquor)
1276 2475 1617 2541 Christum
1712 2476 1786 2539 in
1863 2477 2178 2541 membris
2254 2476 2390 2542 fere
2467 2479 2769 2563 quotidie

662 2580 859 2645 video
905 2577 1215 2663 crucifigi,
1276 2576 1611 2663 profanari
1657 2580 1905 2652 sancta,
1967 2576 2240 2643 lacerari
2287 2584 2358 2643 et
2403 2580 2774 2645 conculcari

662 2682 1001 2748 ecclesiam
1062 2680 1171 2745 cui
1234 2684 1455 2743 custos
1524 2699 1565 2741 a
1611 2678 1899 2743 Domino
1966 2678 2225 2745 fueram
2282 2682 2661 2766 deputatus
2705 2687 2776 2747 et

663 2784 963 2848 nondum
1031 2804 1181 2847 cum
1246 2780 1444 2845 Petro
1512 2781 1774 2844 exserui
1851 2780 2148 2866 gladium
2221 2784 2410 2847 verbi
2479 2784 2632 2863 Dei,
2697 2789 2776 2849 ut

666 2884 914 2951 Malehi
959 2884 1293 2950 saevientis
1323 2881 1689 2948 auriculam
1729 2888 2162 2968 amputarem,
2258 2884 2583 2964 Quotiens
2626 2886 2775 2972 lego

668 2988 883 3053 zelum
946 2987 1275 3062 Phineas?
1338 2984 1580 3060 Heliae,
1652 2984 2054 3050 Matathiaess
2117 2985 2538 3073 filiorumque
2612 2989 2776 3072 ejm,

666 3092 975 3176 quotiens
1017 3088 1230 3152 menti
1298 3109 1463 3150 meae
1526 3086 1747 3150 fervor
1810 3089 2099 3152 occurrit
2144 3090 2569 3173 apostolicus
2615 3113 2774 3176 quo-

666 3194 841 3256 tiens
886 3196 1265 3256 sanctorum
1328 3195 1615 3274 patrum,
1662 3188 1779 3272 qui
1827 3210 1894 3252 se
1961 3189 2375 3274 principibus
2423 3195 2491 3254 et
2558 3198 2778 3276 potes-

666 3292 921 3358 tatibus
988 3311 1251 3354 murum
1298 3295 1749 3374 opposuerunt
1810 3311 1932 3375 pro
1995 3291 2190 3356 domo
2250 3293 2546 3370 Domini,
2589 3300 2780 3379 gesta

669 3394 957 3470 revolvo,
1004 3394 1251 3458 totiens
1298 3391 1657 3476 ingemisco
1704 3392 2072 3475 periculum
2122 3415 2360 3470 meum,
2408 3402 2477 3460 et
2523 3398 2778 3462 miserae

671 3499 929 3574 animae,
974 3495 1219 3560 animae
1283 3494 1539 3558 scilicet
1602 3516 1783 3570 meae,
1852 3494 2056 3559 timeo
2115 3497 2392 3580 justam,
2438 3518 2523 3561 ex
2587 3499 2778 3563 dissi-

669 3599 1036 3664 mulatione
1083 3597 1337 3681 injusta
1388 3601 1457 3658 et
1502 3594 1805 3662 indebita
1856 3597 2204 3682 patientia,
2238 3599 2782 3666 damnationem.⁷

672 3702 839 3768 Cum
889 3700 1068 3765 enim
1135 3697 1453 3762 facientes
1500 3703 1568 3760 et
1614 3699 2103 3762 consentientes
2149 3701 2658 3785 comparentur⁸
2705 3703 2778 3766 in

671 3805 961 3879 crimine,
996 3807 1065 3866 et
1095 3801 1231 3886 qui,
1262 3804 1596 3884 potestate
1629 3799 1960 3865 divinitus
2004 3807 2293 3887 accepta,
2339 3825 2473 3868 non
2506 3806 2780 3890 corrigit

674 3928 821 3992 quae
888 3925 1027 3968 non
1090 3902 1375 3986 ambigit
1444 3901 1851 3986 corrigenda,
1899 3904 2378 3968 consentientis
2447 3893 2642 3971 cadat
2707 3908 2780 3970 in

672 4009 954 4092 culpam,
1027 4003 1446 4068 tremendum
1512 4001 1677 4066 mihi
1746 4004 1943 4068 video
2020 4005 2365 4070 imminere
2432 4007 2780 4092 judicium,

675 4111 791 4196 qui
886 4113 1112 4171 tantas
1214 4104 1650 4168 enormitates
1728 4105 1992 4168 tamdiu
2091 4108 2496 4186 remissione,
2569 4111 2779 4194 (quod

673 4209 955 4294 vereor‚)
1000 4206 1211 4272 nimia
1273 4205 1523 4290 pertuli
1590 4204 2030 4271 subditorum.
2125 4207 2192 4270 N
2194 4229 2302 4272 am
2370 4209 2601 4276 beatus
2665 4212 2782 4296 qui

738 4437 757 4469 ²
794 4435 1081 4500 impunitus,
1130 4431 1195 4492 A,
1251 4429 1331 4491 0;
1388 4431 1678 4496 rumpimus,
1847 4432 1867 4462 ⁵
1905 4430 2102 4495 Finees,
2122 4433 2194 4492 A,
2216 4435 2278 4492 O,
2303 4435 2375 4496 V,
2401 4437 2458 4485 Z.

674 4516 761 4577 V3
796 4512 1026 4578 impunis,
1048 4509 1118 4560 L.
1845 4509 1867 4540 ⁶
1903 4509 2215 4572 Mathathie,
2237 4513 2306 4563 A.

740 4595 762 4625 2
798 4596 973 4656 quem?
1844 4587 1865 4624 7
1901 4587 2284 4649 damnationem,
2323 4591 2394 4650 A,
2436 4595 2516 4653 0;
2559 4593 2780 4645 comedem-

741 4671 763 4704 3
800 4670 1081 4726 temeraria,
1104 4667 1175 4727 A,
1199 4667 1276 4724 03
1310 4669 1557 4723 temerata,
1582 4666 1641 4713 L.
1776 4668 2042 4725 nationem,
2065 4667 2128 4716 L.

744 4750 767 4782 ⁴
800 4744 1102 4808 accelerare,
1121 4759 1220 4794 om.
1242 4745 1305 4794 Ia.
1843 4745 1865 4774 ⁸
1903 4753 2260 4807 comper-entur,
2283 4749 2350 4797 A.
