<?xml version="1.0" encoding="UTF-8"?>
<!DOCTYPE html PUBLIC "-//W3C//DTD XHTML 1.0 Transitional//EN"
    "http://www.w3.org/TR/xhtml1/DTD/xhtml1-transitional.dtd">
<html xmlns="http://www.w3.org/1999/xhtml" xml:lang="en" lang="en">
 <head>
  <title>
</title>
<meta http-equiv="Content-Type" content="text/html;charset=utf-8" />
  <meta name='ocr-system' content='tesseract 3.04.00' />
  <meta name='ocr-capabilities' content='ocr_page ocr_carea ocr_par ocr_line ocrx_word'/>
</head>
<body>
  <div class='ocr_page' id='page_1' title='image "./materialsforhis00herbgoog_0582.png"; bbox 0 0 3634 5800; ppageno 0'>
   <div class='ocr_carea' id='block_1_1' title="bbox 524 868 2636 957">
    <p class='ocr_par' dir='ltr' id='par_1_1' title="bbox 524 868 2636 957">
     <span class='ocr_line' id='line_1_1' title="bbox 524 868 2636 957; baseline 0.001 -22"><span class='ocrx_word' id='word_1_1' title='bbox 524 883 656 937; x_wconf 59' lang='lat' dir='ltr'><strong>Aa).</strong></span> <span class='ocrx_word' id='word_1_2' title='bbox 694 870 915 957; x_wconf 71' lang='lat'><strong>1173]</strong></span> <span class='ocrx_word' id='word_1_3' title='bbox 1366 886 1727 937; x_wconf 64' lang='lat' dir='ltr'><strong>susi-om.</strong></span> <span class='ocrx_word' id='word_1_4' title='bbox 2505 868 2636 937; x_wconf 84' lang='lat'><strong>55⁷</strong></span> 
     </span>
    </p>
   </div>
   <div class='ocr_carea' id='block_1_2' title="bbox 524 1068 2634 2072">
    <p class='ocr_par' dir='ltr' id='par_1_2' title="bbox 524 1068 2634 2072">
     <span class='ocr_line' id='line_1_2' title="bbox 530 1068 2632 1155; baseline 0 -24"><span class='ocrx_word' id='word_1_5' title='bbox 530 1088 615 1133; x_wconf 91' lang='lat' dir='ltr'><strong>ne</strong></span> <span class='ocrx_word' id='word_1_6' title='bbox 676 1091 811 1155; x_wconf 85' lang='lat' dir='ltr'><strong>pax</strong></span> <span class='ocrx_word' id='word_1_7' title='bbox 872 1071 1159 1137; x_wconf 84' lang='lat' dir='ltr'><strong>ecclesiae</strong></span> <span class='ocrx_word' id='word_1_8' title='bbox 1234 1071 1632 1148; x_wconf 74' lang='lat' dir='ltr'><strong>turbaretur,</strong></span> <span class='ocrx_word' id='word_1_9' title='bbox 1702 1090 1825 1136; x_wconf 90' lang='lat' dir='ltr'><strong>nec</strong></span> <span class='ocrx_word' id='word_1_10' title='bbox 1894 1089 2093 1155; x_wconf 93' lang='lat' dir='ltr'><strong>quam</strong></span> <span class='ocrx_word' id='word_1_11' title='bbox 2160 1068 2632 1134; x_wconf 72' lang='lat' dir='ltr'><strong>desiderabatis</strong></span> 
     </span>
     <span class='ocr_line' id='line_1_3' title="bbox 531 1167 2634 1249; baseline 0 -15"><span class='ocrx_word' id='word_1_12' title='bbox 531 1167 760 1236; x_wconf 88' lang='lat' dir='ltr'><strong>electio</strong></span> <span class='ocrx_word' id='word_1_13' title='bbox 840 1171 1117 1238; x_wconf 87' lang='lat' dir='ltr'><strong>ulterius</strong></span> <span class='ocrx_word' id='word_1_14' title='bbox 1206 1172 1599 1249; x_wconf 87' lang='lat' dir='ltr'><strong>differretur,</strong></span> <span class='ocrx_word' id='word_1_15' title='bbox 1677 1171 1801 1235; x_wconf 90' lang='lat' dir='ltr'><strong>etsi</strong></span> <span class='ocrx_word' id='word_1_16' title='bbox 1890 1191 2042 1236; x_wconf 90' lang='lat' dir='ltr'><strong>cum</strong></span> <span class='ocrx_word' id='word_1_17' title='bbox 2106 1168 2319 1236; x_wconf 84' lang='lat' dir='ltr'><strong>multa</strong></span> <span class='ocrx_word' id='word_1_18' title='bbox 2383 1170 2485 1236; x_wconf 91' lang='lat' dir='ltr'><strong>ira</strong></span> <span class='ocrx_word' id='word_1_19' title='bbox 2564 1175 2634 1235; x_wconf 91' lang='lat' dir='ltr'><strong>et</strong></span> 
     </span>
     <span class='ocr_line' id='line_1_4' title="bbox 527 1272 2631 1359; baseline 0 -24"><span class='ocrx_word' id='word_1_20' title='bbox 527 1272 983 1359; x_wconf 74' lang='lat' dir='ltr'><strong>indignatione</strong></span> <span class='ocrx_word' id='word_1_21' title='bbox 1073 1275 1369 1340; x_wconf 83' lang='lat' dir='ltr'><strong>omnium</strong></span> <span class='ocrx_word' id='word_1_22' title='bbox 1432 1274 1703 1341; x_wconf 86' lang='lat' dir='ltr'><strong>tandem</strong></span> <span class='ocrx_word' id='word_1_23' title='bbox 1768 1278 1993 1338; x_wconf 88' lang='lat' dir='ltr'><strong>tamen</strong></span> <span class='ocrx_word' id='word_1_24' title='bbox 2069 1272 2347 1350; x_wconf 87' lang='lat' dir='ltr'><strong>obtinui,</strong></span> <span class='ocrx_word' id='word_1_25' title='bbox 2411 1279 2506 1350; x_wconf 91' lang='lat' dir='ltr'><strong>ut,</strong></span> <span class='ocrx_word' id='word_1_26' title='bbox 2575 1274 2631 1337; x_wconf 91' lang='lat' dir='ltr'><strong>si</strong></span> 
     </span>
     <span class='ocr_line' id='line_1_5' title="bbox 528 1374 2630 1460; baseline 0.001 -23"><span class='ocrx_word' id='word_1_27' title='bbox 528 1376 830 1441; x_wconf 90' lang='lat' dir='ltr'><strong>monachi</strong></span> <span class='ocrx_word' id='word_1_28' title='bbox 893 1375 1400 1443; x_wconf 86' lang='lat' dir='ltr'><strong>Cantuarienses</strong></span> <span class='ocrx_word' id='word_1_29' title='bbox 1485 1378 1559 1441; x_wconf 93' lang='lat' dir='ltr'><strong>in</strong></span> <span class='ocrx_word' id='word_1_30' title='bbox 1650 1374 1990 1441; x_wconf 78' lang='lat' dir='ltr'><strong>electionis</strong></span> <span class='ocrx_word' id='word_1_31' title='bbox 2086 1374 2630 1460; x_wconf 81' lang='lat' dir='ltr'><strong>pronuntiatione</strong></span> 
     </span>
     <span class='ocr_line' id='line_1_6' title="bbox 527 1474 2628 1565; baseline 0.001 -27"><span class='ocrx_word' id='word_1_32' title='bbox 527 1476 844 1564; x_wconf 86' lang='lat' dir='ltr'><strong>episcopis</strong></span> <span class='ocrx_word' id='word_1_33' title='bbox 875 1479 1062 1565; x_wconf 89' lang='lat' dir='ltr'><strong>regni</strong></span> <span class='ocrx_word' id='word_1_34' title='bbox 1109 1479 1335 1558; x_wconf 85' lang='lat' dir='ltr'><strong>vestri,</strong></span> <span class='ocrx_word' id='word_1_35' title='bbox 1365 1476 1473 1543; x_wconf 89' lang='lat' dir='ltr'><strong>vel</strong></span> <span class='ocrx_word' id='word_1_36' title='bbox 1505 1478 1851 1554; x_wconf 82' lang='lat' dir='ltr'><strong>modicam,</strong></span> <span class='ocrx_word' id='word_1_37' title='bbox 1895 1474 2211 1541; x_wconf 83' lang='lat' dir='ltr'><strong>exhibere</strong></span> <span class='ocrx_word' id='word_1_38' title='bbox 2257 1476 2628 1543; x_wconf 87' lang='lat' dir='ltr'><strong>voluissent</strong></span> 
     </span>
     <span class='ocr_line' id='line_1_7' title="bbox 527 1579 2629 1665; baseline 0.002 -26"><span class='ocrx_word' id='word_1_39' title='bbox 527 1580 981 1658; x_wconf 85' lang='lat' dir='ltr'><strong>reverentiam,</strong></span> <span class='ocrx_word' id='word_1_40' title='bbox 1056 1579 1125 1643; x_wconf 90' lang='lat' dir='ltr'><strong>in</strong></span> <span class='ocrx_word' id='word_1_41' title='bbox 1200 1580 1420 1665; x_wconf 83' lang='lat' dir='ltr'><strong>ipsum</strong></span> <span class='ocrx_word' id='word_1_42' title='bbox 1495 1579 1998 1664; x_wconf 80' lang='lat' dir='ltr'><strong>acquiescerent,</strong></span> <span class='ocrx_word' id='word_1_43' title='bbox 2091 1582 2176 1655; x_wconf 89' lang='lat' dir='ltr'><strong>et,</strong></span> <span class='ocrx_word' id='word_1_44' title='bbox 2267 1598 2352 1643; x_wconf 92' lang='lat' dir='ltr'><strong>ne</strong></span> <span class='ocrx_word' id='word_1_45' title='bbox 2410 1584 2629 1643; x_wconf 88' lang='lat' dir='ltr'><strong>vester</strong></span> 
     </span>
     <span class='ocr_line' id='line_1_8' title="bbox 524 1678 2628 1757; baseline 0 -14"><span class='ocrx_word' id='word_1_46' title='bbox 524 1678 839 1746; x_wconf 87' lang='lat' dir='ltr'><strong>adversus</strong></span> <span class='ocrx_word' id='word_1_47' title='bbox 908 1702 1015 1747; x_wconf 86' lang='lat' dir='ltr'><strong>eos</strong></span> <span class='ocrx_word' id='word_1_48' title='bbox 1078 1681 1459 1746; x_wconf 87' lang='lat' dir='ltr'><strong>turbaretur</strong></span> <span class='ocrx_word' id='word_1_49' title='bbox 1502 1681 1781 1757; x_wconf 76' lang='lat' dir='ltr'><strong>animus,</strong></span> <span class='ocrx_word' id='word_1_50' title='bbox 1827 1702 1968 1745; x_wconf 88' lang='lat' dir='ltr'><strong>rem</strong></span> <span class='ocrx_word' id='word_1_51' title='bbox 2033 1680 2154 1745; x_wconf 92' lang='lat' dir='ltr'><strong>hoc</strong></span> <span class='ocrx_word' id='word_1_52' title='bbox 2223 1679 2356 1745; x_wconf 90' lang='lat' dir='ltr'><strong>fine</strong></span> <span class='ocrx_word' id='word_1_53' title='bbox 2402 1680 2628 1747; x_wconf 82' lang='lat' dir='ltr'><strong>termi-</strong></span> 
     </span>
     <span class='ocr_line' id='line_1_9' title="bbox 525 1782 2628 1869; baseline -0 -23"><span class='ocrx_word' id='word_1_54' title='bbox 525 1782 673 1848; x_wconf 87' lang='lat' dir='ltr'><strong>nari</strong></span> <span class='ocrx_word' id='word_1_55' title='bbox 692 1782 719 1821; x_wconf 82' lang='lat'>¹</span> <span class='ocrx_word' id='word_1_56' title='bbox 762 1784 1237 1868; x_wconf 86' lang='lat' dir='ltr'><strong>permitterent.</strong></span> <span class='ocrx_word' id='word_1_57' title='bbox 1327 1783 1574 1848; x_wconf 90' lang='lat' dir='ltr'><strong>Verum</strong></span> <span class='ocrx_word' id='word_1_58' title='bbox 1622 1783 1691 1847; x_wconf 92' lang='lat' dir='ltr'><strong>hi</strong></span> <span class='ocrx_word' id='word_1_59' title='bbox 1756 1782 1883 1848; x_wconf 87' lang='lat' dir='ltr'><strong>sibi</strong></span> <span class='ocrx_word' id='word_1_60' title='bbox 1951 1782 2174 1848; x_wconf 90' lang='lat' dir='ltr'><strong>omnia</strong></span> <span class='ocrx_word' id='word_1_61' title='bbox 2218 1788 2628 1869; x_wconf 87' lang='lat' dir='ltr'><strong>usurpantes,</strong></span> 
     </span>
     <span class='ocr_line' id='line_1_10' title="bbox 525 1883 2630 1970; baseline 0.001 -23"><span class='ocrx_word' id='word_1_62' title='bbox 525 1887 595 1947; x_wconf 92' lang='lat' dir='ltr'><strong>et</strong></span> <span class='ocrx_word' id='word_1_63' title='bbox 640 1883 973 1970; x_wconf 90' lang='lat' dir='ltr'><strong>episcopos</strong></span> <span class='ocrx_word' id='word_1_64' title='bbox 1019 1906 1245 1951; x_wconf 87' lang='lat' dir='ltr'><strong>omnes</strong></span> <span class='ocrx_word' id='word_1_65' title='bbox 1310 1906 1351 1951; x_wconf 88' lang='lat' dir='ltr'><strong>a</strong></span> <span class='ocrx_word' id='word_1_66' title='bbox 1415 1884 1704 1962; x_wconf 88' lang='lat' dir='ltr'><strong>consilio,</strong></span> <span class='ocrx_word' id='word_1_67' title='bbox 1750 1888 1822 1949; x_wconf 90' lang='lat' dir='ltr'><strong>et</strong></span> <span class='ocrx_word' id='word_1_68' title='bbox 1888 1884 2222 1961; x_wconf 87' lang='lat' dir='ltr'><strong>electione,</strong></span> <span class='ocrx_word' id='word_1_69' title='bbox 2253 1890 2324 1949; x_wconf 87' lang='lat' dir='ltr'><strong>et</strong></span> <span class='ocrx_word' id='word_1_70' title='bbox 2369 1884 2630 1950; x_wconf 88' lang='lat' dir='ltr'><strong>electio-</strong></span> 
     </span>
     <span class='ocr_line' id='line_1_11' title="bbox 524 1985 2628 2072; baseline 0 -23"><span class='ocrx_word' id='word_1_71' title='bbox 524 1985 629 2049; x_wconf 88' lang='lat' dir='ltr'><strong>nis</strong></span> <span class='ocrx_word' id='word_1_72' title='bbox 705 1986 1243 2072; x_wconf 89' lang='lat' dir='ltr'><strong>pronuntiatione</strong></span> <span class='ocrx_word' id='word_1_73' title='bbox 1290 1987 1609 2053; x_wconf 72' lang='lat' dir='ltr'><strong>severius</strong></span> <span class='ocrx_word' id='word_1_74' title='bbox 1683 1986 2129 2063; x_wconf 84' lang='lat' dir='ltr'><strong>excludentes,</strong></span> <span class='ocrx_word' id='word_1_75' title='bbox 2207 1986 2386 2071; x_wconf 90' lang='lat' dir='ltr'><strong>quod</strong></span> <span class='ocrx_word' id='word_1_76' title='bbox 2476 2007 2628 2052; x_wconf 90' lang='lat' dir='ltr'><strong>cum</strong></span> 
     </span>
    </p>
   </div>
   <div class='ocr_carea' id='block_1_3' title="bbox 404 2084 2626 2174">
    <p class='ocr_par' dir='ltr' id='par_1_3' title="bbox 404 2084 2626 2174">
     <span class='ocr_line' id='line_1_12' title="bbox 404 2084 2626 2174; baseline 0.001 -25"><span class='ocrx_word' id='word_1_77' title='bbox 404 2084 409 2091; x_wconf 81' lang='grc'><em>’</em></span> <span class='ocrx_word' id='word_1_78' title='bbox 524 2086 939 2171; x_wconf 83' lang='lat' dir='ltr'><strong>aliquantula</strong></span> <span class='ocrx_word' id='word_1_79' title='bbox 981 2088 1305 2155; x_wconf 87' lang='lat' dir='ltr'><strong>modestia</strong></span> <span class='ocrx_word' id='word_1_80' title='bbox 1370 2092 1641 2174; x_wconf 87' lang='lat' dir='ltr'><strong>agentes</strong></span> <span class='ocrx_word' id='word_1_81' title='bbox 1700 2092 1864 2153; x_wconf 90' lang='lat' dir='ltr'><strong>tunc</strong></span> <span class='ocrx_word' id='word_1_82' title='bbox 1907 2086 2205 2152; x_wconf 90' lang='lat' dir='ltr'><strong>obtinere</strong></span> <span class='ocrx_word' id='word_1_83' title='bbox 2251 2090 2626 2173; x_wconf 86' lang='lat' dir='ltr'><strong>potuerunt,</strong></span> 
     </span>
    </p>
   </div>
   <div class='ocr_carea' id='block_1_4' title="bbox 520 2187 2640 4400">
    <p class='ocr_par' dir='ltr' id='par_1_4' title="bbox 520 2187 2640 4400">
     <span class='ocr_line' id='line_1_13' title="bbox 526 2187 2625 2274; baseline 0.001 -24"><span class='ocrx_word' id='word_1_84' title='bbox 526 2187 734 2253; x_wconf 86' lang='lat' dir='ltr'><strong>nimia</strong></span> <span class='ocrx_word' id='word_1_85' title='bbox 820 2193 1085 2255; x_wconf 87' lang='lat' dir='ltr'><strong>utentes</strong></span> <span class='ocrx_word' id='word_1_86' title='bbox 1162 2190 1523 2255; x_wconf 86' lang='lat' dir='ltr'><strong>obstinatia</strong></span> <span class='ocrx_word' id='word_1_87' title='bbox 1598 2188 1880 2254; x_wconf 87' lang='lat' dir='ltr'><strong>ulterius</strong></span> <span class='ocrx_word' id='word_1_88' title='bbox 1975 2188 2226 2253; x_wconf 84' lang='lat' dir='ltr'><strong>differri</strong></span> <span class='ocrx_word' id='word_1_89' title='bbox 2302 2188 2625 2274; x_wconf 88' lang='lat' dir='ltr'><strong>compule-</strong></span> 
     </span>
     <span class='ocr_line' id='line_1_14' title="bbox 525 2288 2628 2376; baseline 0.002 -26"><span class='ocrx_word' id='word_1_90' title='bbox 525 2294 699 2355; x_wconf 87' lang='lat' dir='ltr'><strong>runt.</strong></span> <span class='ocrx_word' id='word_1_91' title='bbox 792 2288 942 2370; x_wconf 82' lang='lat' dir='ltr'><strong>Qua</strong></span> <span class='ocrx_word' id='word_1_92' title='bbox 1006 2292 1080 2355; x_wconf 89' lang='lat' dir='ltr'><strong>in</strong></span> <span class='ocrx_word' id='word_1_93' title='bbox 1148 2313 1237 2367; x_wconf 89' lang='lat' dir='ltr'><strong>re,</strong></span> <span class='ocrx_word' id='word_1_94' title='bbox 1298 2291 1355 2354; x_wconf 91' lang='lat' dir='ltr'><strong>si</strong></span> <span class='ocrx_word' id='word_1_95' title='bbox 1416 2290 1651 2376; x_wconf 89' lang='lat' dir='ltr'><strong>placet,</strong></span> <span class='ocrx_word' id='word_1_96' title='bbox 1699 2290 1931 2355; x_wconf 89' lang='lat' dir='ltr'><strong>honori</strong></span> <span class='ocrx_word' id='word_1_97' title='bbox 1995 2294 2220 2354; x_wconf 82' lang='lat' dir='ltr'><strong>vestro</strong></span> <span class='ocrx_word' id='word_1_98' title='bbox 2284 2289 2628 2368; x_wconf 79' lang='lat' dir='ltr'><strong>consulite,</strong></span> 
     </span>
     <span class='ocr_line' id='line_1_15' title="bbox 526 2390 2626 2477; baseline 0 -24"><span class='ocrx_word' id='word_1_99' title='bbox 526 2390 879 2476; x_wconf 88' lang='lat' dir='ltr'><strong>diligenter</strong></span> <span class='ocrx_word' id='word_1_100' title='bbox 943 2392 1365 2458; x_wconf 88' lang='lat' dir='ltr'><strong>attendentes</strong></span> <span class='ocrx_word' id='word_1_101' title='bbox 1429 2392 1590 2477; x_wconf 89' lang='lat' dir='ltr'><strong>quid</strong></span> <span class='ocrx_word' id='word_1_102' title='bbox 1658 2391 1850 2457; x_wconf 87' lang='lat' dir='ltr'><strong>vobis</strong></span> <span class='ocrx_word' id='word_1_103' title='bbox 1913 2390 2122 2477; x_wconf 85' lang='lat' dir='ltr'><strong>magis</strong></span> <span class='ocrx_word' id='word_1_104' title='bbox 2169 2391 2498 2476; x_wconf 83' lang='lat' dir='ltr'><strong>expediat,</strong></span> <span class='ocrx_word' id='word_1_105' title='bbox 2543 2412 2626 2455; x_wconf 86' lang='lat' dir='ltr'><strong>an</strong></span> 
     </span>
     <span class='ocr_line' id='line_1_16' title="bbox 524 2492 2630 2577; baseline 0.001 -22"><span class='ocrx_word' id='word_1_106' title='bbox 524 2492 860 2558; x_wconf 88' lang='lat' dir='ltr'><strong>monachis</strong></span> <span class='ocrx_word' id='word_1_107' title='bbox 953 2497 1171 2560; x_wconf 86' lang='lat' dir='ltr'><strong>totum</strong></span> <span class='ocrx_word' id='word_1_108' title='bbox 1257 2494 1597 2571; x_wconf 87' lang='lat' dir='ltr'><strong>ascribere,</strong></span> <span class='ocrx_word' id='word_1_109' title='bbox 1678 2492 1795 2577; x_wconf 91' lang='lat' dir='ltr'><strong>qui</strong></span> <span class='ocrx_word' id='word_1_110' title='bbox 1873 2492 2064 2557; x_wconf 88' lang='lat' dir='ltr'><strong>vobis</strong></span> <span class='ocrx_word' id='word_1_111' title='bbox 2137 2513 2260 2558; x_wconf 92' lang='lat' dir='ltr'><strong>nec</strong></span> <span class='ocrx_word' id='word_1_112' title='bbox 2335 2492 2630 2558; x_wconf 89' lang='lat' dir='ltr'><strong>hominio</strong></span> 
     </span>
     <span class='ocr_line' id='line_1_17' title="bbox 526 2592 2627 2679; baseline 0 -23"><span class='ocrx_word' id='word_1_113' title='bbox 526 2596 840 2658; x_wconf 90' lang='lat' dir='ltr'><strong>tenentur</strong></span> <span class='ocrx_word' id='word_1_114' title='bbox 884 2593 1126 2663; x_wconf 84' lang='lat' dir='ltr'><strong>affectu</strong></span> <span class='ocrx_word' id='word_1_115' title='bbox 1190 2616 1312 2661; x_wconf 90' lang='lat' dir='ltr'><strong>nec</strong></span> <span class='ocrx_word' id='word_1_116' title='bbox 1374 2594 1716 2673; x_wconf 90' lang='lat' dir='ltr'><strong>fidelitate,</strong></span> <span class='ocrx_word' id='word_1_117' title='bbox 1764 2598 1884 2659; x_wconf 89' lang='lat' dir='ltr'><strong>aut</strong></span> <span class='ocrx_word' id='word_1_118' title='bbox 1955 2594 2028 2657; x_wconf 90' lang='lat' dir='ltr'><strong>in</strong></span> <span class='ocrx_word' id='word_1_119' title='bbox 2093 2592 2399 2679; x_wconf 84' lang='lat' dir='ltr'><strong>eligenda</strong></span> <span class='ocrx_word' id='word_1_120' title='bbox 2443 2614 2627 2660; x_wconf 85' lang='lat' dir='ltr'><strong>max-</strong></span> 
     </span>
     <span class='ocr_line' id='line_1_18' title="bbox 524 2693 2630 2782; baseline 0.001 -25"><span class='ocrx_word' id='word_1_121' title='bbox 524 2693 661 2759; x_wconf 91' lang='lat' dir='ltr'><strong>ima</strong></span> <span class='ocrx_word' id='word_1_122' title='bbox 704 2715 981 2780; x_wconf 87' lang='lat' dir='ltr'><strong>persona</strong></span> <span class='ocrx_word' id='word_1_123' title='bbox 1010 2696 1197 2782; x_wconf 84' lang='lat' dir='ltr'><strong>regni</strong></span> <span class='ocrx_word' id='word_1_124' title='bbox 1228 2695 1452 2772; x_wconf 85' lang='lat' dir='ltr'><strong>vestri,</strong></span> <span class='ocrx_word' id='word_1_125' title='bbox 1483 2694 1928 2760; x_wconf 86' lang='lat' dir='ltr'><strong>reverentiam</strong></span> <span class='ocrx_word' id='word_1_126' title='bbox 1974 2694 2265 2781; x_wconf 90' lang='lat' dir='ltr'><strong>aliquam</strong></span> <span class='ocrx_word' id='word_1_127' title='bbox 2313 2696 2630 2782; x_wconf 88' lang='lat' dir='ltr'><strong>episcopis</strong></span> 
     </span>
     <span class='ocr_line' id='line_1_19' title="bbox 525 2796 2628 2882; baseline 0.001 -21"><span class='ocrx_word' id='word_1_128' title='bbox 525 2796 909 2875; x_wconf 87' lang='lat' dir='ltr'><strong>attribuere,</strong></span> <span class='ocrx_word' id='word_1_129' title='bbox 1001 2798 1121 2882; x_wconf 89' lang='lat' dir='ltr'><strong>qui</strong></span> <span class='ocrx_word' id='word_1_130' title='bbox 1212 2796 1405 2863; x_wconf 90' lang='lat' dir='ltr'><strong>vobis</strong></span> <span class='ocrx_word' id='word_1_131' title='bbox 1495 2802 1617 2864; x_wconf 90' lang='lat' dir='ltr'><strong>aut</strong></span> <span class='ocrx_word' id='word_1_132' title='bbox 1706 2796 2004 2863; x_wconf 91' lang='lat' dir='ltr'><strong>hominio</strong></span> <span class='ocrx_word' id='word_1_133' title='bbox 2095 2803 2216 2862; x_wconf 89' lang='lat' dir='ltr'><strong>aut</strong></span> <span class='ocrx_word' id='word_1_134' title='bbox 2307 2796 2628 2864; x_wconf 88' lang='lat' dir='ltr'><strong>fidelitate</strong></span> 
     </span>
     <span class='ocr_line' id='line_1_20' title="bbox 525 2898 2630 2988; baseline 0.001 -25"><span class='ocrx_word' id='word_1_135' title='bbox 525 2898 827 2986; x_wconf 87' lang='lat' dir='ltr'><strong>obligati,</strong></span> <span class='ocrx_word' id='word_1_136' title='bbox 873 2899 1187 2967; x_wconf 89' lang='lat' dir='ltr'><strong>honorem</strong></span> <span class='ocrx_word' id='word_1_137' title='bbox 1232 2906 1530 2966; x_wconf 86' lang='lat' dir='ltr'><strong>vestrum</strong></span> <span class='ocrx_word' id='word_1_138' title='bbox 1599 2901 1673 2965; x_wconf 94' lang='lat' dir='ltr'><strong>in</strong></span> <span class='ocrx_word' id='word_1_139' title='bbox 1717 2899 1862 2967; x_wconf 91' lang='lat' dir='ltr'><strong>Deo</strong></span> <span class='ocrx_word' id='word_1_140' title='bbox 1925 2920 2314 2967; x_wconf 88' lang='lat' dir='ltr'><strong>conservare</strong></span> <span class='ocrx_word' id='word_1_141' title='bbox 2381 2901 2630 2988; x_wconf 87' lang='lat' dir='ltr'><strong>duplici</strong></span> 
     </span>
     <span class='ocr_line' id='line_1_21' title="bbox 524 3001 2632 3089; baseline 0.002 -25"><span class='ocrx_word' id='word_1_142' title='bbox 524 3001 916 3069; x_wconf 86' lang='lat' dir='ltr'><strong>necessitate</strong></span> <span class='ocrx_word' id='word_1_143' title='bbox 990 3008 1305 3068; x_wconf 86' lang='lat' dir='ltr'><strong>tenentur</strong></span> <span class='ocrx_word' id='word_1_144' title='bbox 1378 3003 1666 3068; x_wconf 81' lang='lat' dir='ltr'><strong>obnoxii.</strong></span> <span class='ocrx_word' id='word_1_145' title='bbox 1770 3003 2032 3068; x_wconf 92' lang='lat' dir='ltr'><strong>Bonum</strong></span> <span class='ocrx_word' id='word_1_146' title='bbox 2108 3007 2211 3068; x_wconf 89' lang='lat' dir='ltr'><strong>est</strong></span> <span class='ocrx_word' id='word_1_147' title='bbox 2284 3003 2514 3089; x_wconf 90' lang='lat' dir='ltr'><strong>itaque</strong></span> <span class='ocrx_word' id='word_1_148' title='bbox 2573 3004 2632 3068; x_wconf 90' lang='lat' dir='ltr'><strong>si</strong></span> 
     </span>
     <span class='ocr_line' id='line_1_22' title="bbox 524 3105 2635 3193; baseline 0 -21"><span class='ocrx_word' id='word_1_149' title='bbox 524 3105 757 3190; x_wconf 84' lang='lat' dir='ltr'><strong>placet,</strong></span> <span class='ocrx_word' id='word_1_150' title='bbox 822 3113 901 3170; x_wconf 92' lang='lat' dir='ltr'><strong>ut</strong></span> <span class='ocrx_word' id='word_1_151' title='bbox 984 3106 1267 3192; x_wconf 87' lang='lat' dir='ltr'><strong>rigorem</strong></span> <span class='ocrx_word' id='word_1_152' title='bbox 1330 3105 1816 3183; x_wconf 86' lang='lat' dir='ltr'><strong>monachorum,</strong></span> <span class='ocrx_word' id='word_1_153' title='bbox 1867 3125 2084 3190; x_wconf 91' lang='lat' dir='ltr'><strong>·quem</strong></span> <span class='ocrx_word' id='word_1_154' title='bbox 2153 3105 2438 3193; x_wconf 89' lang='lat' dir='ltr'><strong>tot[um]</strong></span> <span class='ocrx_word' id='word_1_155' title='bbox 2461 3105 2486 3144; x_wconf 80' lang='lat'><strong>²</strong></span> <span class='ocrx_word' id='word_1_156' title='bbox 2551 3106 2635 3172; x_wconf 89' lang='lat' dir='ltr'><strong>de</strong></span> 
     </span>
     <span class='ocr_line' id='line_1_23' title="bbox 525 3205 2636 3293; baseline 0.002 -23"><span class='ocrx_word' id='word_1_157' title='bbox 525 3205 903 3274; x_wconf 85' lang='lat' dir='ltr'><strong>humilitate</strong></span> <span class='ocrx_word' id='word_1_158' title='bbox 978 3212 1200 3273; x_wconf 87' lang='lat' dir='ltr'><strong>vestra</strong></span> <span class='ocrx_word' id='word_1_159' title='bbox 1265 3207 1661 3293; x_wconf 88' lang='lat' dir='ltr'><strong>concipiunt,</strong></span> <span class='ocrx_word' id='word_1_160' title='bbox 1727 3228 1804 3274; x_wconf 88' lang='lat' dir='ltr'><strong>ea</strong></span> <span class='ocrx_word' id='word_1_161' title='bbox 1873 3228 2004 3292; x_wconf 89' lang='lat' dir='ltr'><strong>qua</strong></span> <span class='ocrx_word' id='word_1_162' title='bbox 2064 3207 2246 3273; x_wconf 88' lang='lat' dir='ltr'><strong>scitis</strong></span> <span class='ocrx_word' id='word_1_163' title='bbox 2313 3207 2636 3274; x_wconf 87' lang='lat' dir='ltr'><strong>modestia</strong></span> 
     </span>
     <span class='ocr_line' id='line_1_24' title="bbox 526 3309 2636 3398; baseline 0 -24"><span class='ocrx_word' id='word_1_164' title='bbox 526 3313 595 3374; x_wconf 91' lang='lat' dir='ltr'><strong>et</strong></span> <span class='ocrx_word' id='word_1_165' title='bbox 639 3309 967 3398; x_wconf 86' lang='lat' dir='ltr'><strong>sapientia</strong></span> <span class='ocrx_word' id='word_1_166' title='bbox 1012 3310 1413 3396; x_wconf 84' lang='lat' dir='ltr'><strong>temperetis,</strong></span> <span class='ocrx_word' id='word_1_167' title='bbox 1460 3316 1530 3376; x_wconf 87' lang='lat' dir='ltr'><strong>et</strong></span> <span class='ocrx_word' id='word_1_168' title='bbox 1575 3309 1662 3375; x_wconf 87' lang='lat' dir='ltr'><strong>ad</strong></span> <span class='ocrx_word' id='word_1_169' title='bbox 1710 3309 2021 3394; x_wconf 77' lang='lat' dir='ltr'><strong>aliquam,</strong></span> <span class='ocrx_word' id='word_1_170' title='bbox 2067 3309 2125 3374; x_wconf 87' lang='lat' dir='ltr'><strong>si</strong></span> <span class='ocrx_word' id='word_1_171' title='bbox 2170 3309 2404 3396; x_wconf 86' lang='lat' dir='ltr'><strong>placet,</strong></span> <span class='ocrx_word' id='word_1_172' title='bbox 2447 3311 2636 3396; x_wconf 85' lang='lat' dir='ltr'><strong>regni</strong></span> 
     </span>
     <span class='ocr_line' id='line_1_25' title="bbox 527 3412 2631 3499; baseline 0.001 -22"><span class='ocrx_word' id='word_1_173' title='bbox 527 3413 734 3478; x_wconf 84' lang='lat' dir='ltr'><strong>vestri</strong></span> <span class='ocrx_word' id='word_1_174' title='bbox 777 3433 1123 3498; x_wconf 89' lang='lat' dir='ltr'><strong>personam</strong></span> <span class='ocrx_word' id='word_1_175' title='bbox 1192 3413 1483 3499; x_wconf 87' lang='lat' dir='ltr'><strong>ipsorum</strong></span> <span class='ocrx_word' id='word_1_176' title='bbox 1550 3412 1898 3480; x_wconf 90' lang='lat' dir='ltr'><strong>consilium</strong></span> <span class='ocrx_word' id='word_1_177' title='bbox 1943 3412 2288 3490; x_wconf 85' lang='lat' dir='ltr'><strong>revocetis,</strong></span> <span class='ocrx_word' id='word_1_178' title='bbox 2332 3415 2404 3478; x_wconf 89' lang='lat' dir='ltr'><strong>et</strong></span> <span class='ocrx_word' id='word_1_179' title='bbox 2447 3412 2631 3479; x_wconf 83' lang='lat' dir='ltr'><strong>salvo</strong></span> 
     </span>
     <span class='ocr_line' id='line_1_26' title="bbox 520 3515 2634 3603; baseline 0.001 -23"><span class='ocrx_word' id='word_1_180' title='bbox 520 3515 671 3602; x_wconf 90' lang='lat' dir='ltr'><strong>jure</strong></span> <span class='ocrx_word' id='word_1_181' title='bbox 714 3517 1057 3602; x_wconf 86' lang='lat' dir='ltr'><strong>utriusque</strong></span> <span class='ocrx_word' id='word_1_182' title='bbox 1124 3517 1351 3603; x_wconf 88' lang='lat' dir='ltr'><strong>partis,</strong></span> <span class='ocrx_word' id='word_1_183' title='bbox 1396 3518 1469 3582; x_wconf 91' lang='lat' dir='ltr'><strong>in</strong></span> <span class='ocrx_word' id='word_1_184' title='bbox 1532 3521 1870 3603; x_wconf 87' lang='lat' dir='ltr'><strong>posterum</strong></span> <span class='ocrx_word' id='word_1_185' title='bbox 1937 3515 2020 3580; x_wconf 90' lang='lat' dir='ltr'><strong>de</strong></span> <span class='ocrx_word' id='word_1_186' title='bbox 2083 3515 2299 3600; x_wconf 88' lang='lat' dir='ltr'><strong>prima</strong></span> <span class='ocrx_word' id='word_1_187' title='bbox 2358 3536 2516 3584; x_wconf 83' lang='lat' dir='ltr'><strong>voce</strong></span> <span class='ocrx_word' id='word_1_188' title='bbox 2559 3517 2634 3582; x_wconf 88' lang='lat' dir='ltr'><strong>in</strong></span> 
     </span>
     <span class='ocr_line' id='line_1_27' title="bbox 528 3615 2633 3704; baseline 0 -22"><span class='ocrx_word' id='word_1_189' title='bbox 528 3617 845 3684; x_wconf 89' lang='lat' dir='ltr'><strong>electione</strong></span> <span class='ocrx_word' id='word_1_190' title='bbox 890 3617 1218 3696; x_wconf 84' lang='lat' dir='ltr'><strong>habenda,</strong></span> <span class='ocrx_word' id='word_1_191' title='bbox 1266 3639 1415 3683; x_wconf 88' lang='lat' dir='ltr'><strong>cum</strong></span> <span class='ocrx_word' id='word_1_192' title='bbox 1478 3618 1561 3683; x_wconf 90' lang='lat' dir='ltr'><strong>de</strong></span> <span class='ocrx_word' id='word_1_193' title='bbox 1636 3638 1713 3683; x_wconf 87' lang='lat' dir='ltr'><strong>eo</strong></span> <span class='ocrx_word' id='word_1_194' title='bbox 1776 3616 1886 3704; x_wconf 90' lang='lat' dir='ltr'><strong>agi</strong></span> <span class='ocrx_word' id='word_1_195' title='bbox 1917 3615 2122 3682; x_wconf 84' lang='lat' dir='ltr'><strong>fuerit</strong></span> <span class='ocrx_word' id='word_1_196' title='bbox 2169 3623 2633 3704; x_wconf 88' lang='lat' dir='ltr'><strong>opportunum,</strong></span> 
     </span>
     <span class='ocr_line' id='line_1_28' title="bbox 528 3717 2634 3808; baseline 0.001 -24"><span class='ocrx_word' id='word_1_197' title='bbox 528 3719 913 3787; x_wconf 88' lang='lat' dir='ltr'><strong>electionem</strong></span> <span class='ocrx_word' id='word_1_198' title='bbox 958 3721 1169 3807; x_wconf 87' lang='lat' dir='ltr'><strong>ipsam</strong></span> <span class='ocrx_word' id='word_1_199' title='bbox 1230 3741 1346 3805; x_wconf 86' lang='lat' dir='ltr'><strong>per</strong></span> <span class='ocrx_word' id='word_1_200' title='bbox 1390 3720 1675 3806; x_wconf 90' lang='lat' dir='ltr'><strong>priorem</strong></span> <span class='ocrx_word' id='word_1_201' title='bbox 1721 3723 1791 3784; x_wconf 86' lang='lat' dir='ltr'><strong>et</strong></span> <span class='ocrx_word' id='word_1_202' title='bbox 1841 3717 2130 3803; x_wconf 87' lang='lat' dir='ltr'><strong>aliquem</strong></span> <span class='ocrx_word' id='word_1_203' title='bbox 2184 3721 2634 3808; x_wconf 88' lang='lat' dir='ltr'><strong>episcoporum</strong></span> 
     </span>
     <span class='ocr_line' id='line_1_29' title="bbox 528 3819 2638 3906; baseline 0.001 -21"><span class='ocrx_word' id='word_1_204' title='bbox 528 3821 743 3898; x_wconf 89' lang='lat' dir='ltr'><strong>simul,</strong></span> <span class='ocrx_word' id='word_1_205' title='bbox 828 3827 949 3888; x_wconf 87' lang='lat' dir='ltr'><strong>aut</strong></span> <span class='ocrx_word' id='word_1_206' title='bbox 1015 3822 1146 3888; x_wconf 92' lang='lat' dir='ltr'><strong>alio</strong></span> <span class='ocrx_word' id='word_1_207' title='bbox 1242 3841 1653 3906; x_wconf 88' lang='lat' dir='ltr'><strong>quocumque</strong></span> <span class='ocrx_word' id='word_1_208' title='bbox 1716 3819 1914 3885; x_wconf 88' lang='lat' dir='ltr'><strong>modo</strong></span> <span class='ocrx_word' id='word_1_209' title='bbox 1957 3820 2170 3904; x_wconf 80' lang='lat' dir='ltr'><strong>quod&#39;</strong></span> <span class='ocrx_word' id='word_1_210' title='bbox 2203 3819 2386 3887; x_wconf 88' lang='lat' dir='ltr'><strong>Deus</strong></span> <span class='ocrx_word' id='word_1_211' title='bbox 2447 3822 2638 3888; x_wconf 88' lang='lat' dir='ltr'><strong>vobis</strong></span> 
     </span>
     <span class='ocr_line' id='line_1_30' title="bbox 530 3921 2637 4008; baseline 0 -20"><span class='ocrx_word' id='word_1_212' title='bbox 530 3926 600 3988; x_wconf 87' lang='lat' dir='ltr'><strong>et</strong></span> <span class='ocrx_word' id='word_1_213' title='bbox 672 3923 945 3990; x_wconf 80' lang='lat' dir='ltr'><strong>consilio</strong></span> <span class='ocrx_word' id='word_1_214' title='bbox 1042 3927 1267 3990; x_wconf 84' lang='lat' dir='ltr'><strong>vestro</strong></span> <span class='ocrx_word' id='word_1_215' title='bbox 1341 3923 1752 4001; x_wconf 81' lang='lat' dir='ltr'><strong>revelaverit,</strong></span> <span class='ocrx_word' id='word_1_216' title='bbox 1845 3921 2266 4008; x_wconf 86' lang='lat' dir='ltr'><strong>pronuntiari</strong></span> <span class='ocrx_word' id='word_1_217' title='bbox 2339 3922 2637 4000; x_wconf 85' lang='lat' dir='ltr'><strong>faciatis;</strong></span> 
     </span>
     <span class='ocr_line' id='line_1_31' title="bbox 527 4024 2635 4112; baseline 0.001 -22"><span class='ocrx_word' id='word_1_218' title='bbox 527 4030 608 4090; x_wconf 92' lang='lat' dir='ltr'><strong>ut</strong></span> <span class='ocrx_word' id='word_1_219' title='bbox 680 4048 799 4112; x_wconf 90' lang='lat' dir='ltr'><strong>per</strong></span> <span class='ocrx_word' id='word_1_220' title='bbox 863 4027 1255 4112; x_wconf 85' lang='lat' dir='ltr'><strong>sapientiam</strong></span> <span class='ocrx_word' id='word_1_221' title='bbox 1315 4031 1605 4094; x_wconf 87' lang='lat' dir='ltr'><strong>vestram</strong></span> <span class='ocrx_word' id='word_1_222' title='bbox 1668 4024 2014 4112; x_wconf 85' lang='lat' dir='ltr'><strong>pacificato</strong></span> <span class='ocrx_word' id='word_1_223' title='bbox 2083 4029 2266 4092; x_wconf 88' lang='lat' dir='ltr'><strong>statu</strong></span> <span class='ocrx_word' id='word_1_224' title='bbox 2328 4025 2635 4107; x_wconf 74' lang='lat' dir='ltr'><strong>eeclesiae,</strong></span> 
     </span>
     <span class='ocr_line' id='line_1_32' title="bbox 528 4127 2640 4215; baseline 0 -21"><span class='ocrx_word' id='word_1_225' title='bbox 528 4128 839 4195; x_wconf 88' lang='lat' dir='ltr'><strong>nebulam</strong></span> <span class='ocrx_word' id='word_1_226' title='bbox 904 4149 1055 4214; x_wconf 86' lang='lat' dir='ltr'><strong>quae</strong></span> <span class='ocrx_word' id='word_1_227' title='bbox 1098 4149 1185 4194; x_wconf 84' lang='lat' dir='ltr'><strong>ex</strong></span> <span class='ocrx_word' id='word_1_228' title='bbox 1248 4129 1649 4194; x_wconf 88' lang='lat' dir='ltr'><strong>dissensione</strong></span> <span class='ocrx_word' id='word_1_229' title='bbox 1713 4127 1839 4193; x_wconf 89' lang='lat' dir='ltr'><strong>hac</strong></span> <span class='ocrx_word' id='word_1_230' title='bbox 1890 4148 2093 4215; x_wconf 85' lang='lat' dir='ltr'><strong>regno</strong></span> <span class='ocrx_word' id='word_1_231' title='bbox 2155 4132 2378 4194; x_wconf 87' lang='lat' dir='ltr'><strong>vestro</strong></span> <span class='ocrx_word' id='word_1_232' title='bbox 2423 4127 2640 4196; x_wconf 79' lang='lat' dir='ltr'><strong>adhuc</strong></span> 
     </span>
     <span class='ocr_line' id='line_1_33' title="bbox 528 4229 2636 4318; baseline 0.001 -22"><span class='ocrx_word' id='word_1_233' title='bbox 528 4230 884 4317; x_wconf 87' lang='lat' dir='ltr'><strong>impendet,</strong></span> <span class='ocrx_word' id='word_1_234' title='bbox 929 4231 1217 4318; x_wconf 84' lang='lat' dir='ltr'><strong>gratiam</strong></span> <span class='ocrx_word' id='word_1_235' title='bbox 1277 4235 1639 4318; x_wconf 68' lang='lat' dir='ltr'><strong>praestante</strong></span> <span class='ocrx_word' id='word_1_236' title='bbox 1698 4229 2006 4309; x_wconf 89' lang='lat' dir='ltr'><strong>Domino,</strong></span> <span class='ocrx_word' id='word_1_237' title='bbox 2051 4251 2317 4318; x_wconf 83' lang='lat' dir='ltr'><strong>prorsus</strong></span> <span class='ocrx_word' id='word_1_238' title='bbox 2361 4251 2636 4300; x_wconf 85' lang='lat' dir='ltr'><strong>evacue-</strong></span> 
     </span>
     <span class='ocr_line' id='line_1_34' title="bbox 528 4332 637 4400; baseline -0.009 0"><span class='ocrx_word' id='word_1_239' title='bbox 528 4332 637 4400; x_wconf 88' lang='lat' dir='ltr'><strong>tis.</strong></span> 
     </span>
    </p>
   </div>
   <div class='ocr_carea' id='block_1_5' title="bbox 528 4555 2640 4782">
    <p class='ocr_par' dir='ltr' id='par_1_5' title="bbox 528 4555 2640 4782">
     <span class='ocr_line' id='line_1_35' title="bbox 600 4555 2640 4620; baseline 0 -12"><span class='ocrx_word' id='word_1_240' title='bbox 600 4558 619 4592; x_wconf 87' lang='lat'>¹</span> <span class='ocrx_word' id='word_1_241' title='bbox 656 4557 939 4620; x_wconf 60' lang='lat' dir='ltr'><strong>terminare,</strong></span> <span class='ocrx_word' id='word_1_242' title='bbox 965 4557 1031 4610; x_wconf 76' lang='lat' dir='ltr'><strong>G.</strong></span> <span class='ocrx_word' id='word_1_243' title='bbox 1103 4557 1243 4620; x_wconf 81' lang='lat' dir='ltr'><strong>(The</strong></span> <span class='ocrx_word' id='word_1_244' title='bbox 1264 4556 1363 4608; x_wconf 77' lang='lat' dir='ltr'><strong>last</strong></span> <span class='ocrx_word' id='word_1_245' title='bbox 1382 4557 1534 4609; x_wconf 79' lang='lat' dir='ltr'><strong>letter</strong></span> <span class='ocrx_word' id='word_1_246' title='bbox 1636 4570 1801 4609; x_wconf 83' lang='lat' dir='ltr'><strong>seems</strong></span> <span class='ocrx_word' id='word_1_247' title='bbox 1839 4563 1896 4608; x_wconf 81' lang='lat' dir='ltr'><strong>to</strong></span> <span class='ocrx_word' id='word_1_248' title='bbox 1937 4555 2072 4610; x_wconf 82' lang='lat' dir='ltr'><strong>have</strong></span> <span class='ocrx_word' id='word_1_249' title='bbox 2107 4555 2236 4609; x_wconf 82' lang='lat' dir='ltr'><strong>been</strong></span> <span class='ocrx_word' id='word_1_250' title='bbox 2271 4564 2357 4610; x_wconf 79' lang='lat' dir='ltr'><strong>cut</strong></span> <span class='ocrx_word' id='word_1_251' title='bbox 2395 4557 2540 4609; x_wconf 82' lang='lat' dir='ltr'><strong>short</strong></span> <span class='ocrx_word' id='word_1_252' title='bbox 2581 4556 2640 4609; x_wconf 83' lang='lat' dir='ltr'><strong>in</strong></span> 
     </span>
     <span class='ocr_line' id='line_1_36' title="bbox 528 4633 1892 4704; baseline 0 -17"><span class='ocrx_word' id='word_1_253' title='bbox 528 4636 577 4688; x_wconf 84' lang='lat' dir='ltr'><strong>is</strong></span> <span class='ocrx_word' id='word_1_254' title='bbox 600 4644 687 4687; x_wconf 83' lang='lat' dir='ltr'><strong>cut</strong></span> <span class='ocrx_word' id='word_1_255' title='bbox 707 4637 786 4688; x_wconf 84' lang='lat' dir='ltr'><strong>off</strong></span> <span class='ocrx_word' id='word_1_256' title='bbox 802 4636 871 4704; x_wconf 82' lang='lat' dir='ltr'><strong>by</strong></span> <span class='ocrx_word' id='word_1_257' title='bbox 892 4635 981 4686; x_wconf 84' lang='lat' dir='ltr'><strong>the</strong></span> <span class='ocrx_word' id='word_1_258' title='bbox 1002 4635 1185 4686; x_wconf 83' lang='lat' dir='ltr'><strong>binder</strong></span> <span class='ocrx_word' id='word_1_259' title='bbox 1202 4633 1259 4688; x_wconf 79' lang='lat' dir='ltr'><strong>of</strong></span> <span class='ocrx_word' id='word_1_260' title='bbox 1279 4635 1369 4688; x_wconf 86' lang='lat' dir='ltr'><strong>the</strong></span> <span class='ocrx_word' id='word_1_261' title='bbox 1389 4634 1535 4702; x_wconf 80' lang='lat' dir='ltr'>MS.)</span> <span class='ocrx_word' id='word_1_262' title='bbox 1636 4634 1892 4701; x_wconf 79' lang='lat' dir='ltr'><strong>binding.)</strong></span> 
     </span>
     <span class='ocr_line' id='line_1_37' title="bbox 597 4714 1535 4782; baseline -0.004 -14"><span class='ocrx_word' id='word_1_263' title='bbox 597 4717 621 4749; x_wconf 78' lang='lat'>²</span> <span class='ocrx_word' id='word_1_264' title='bbox 654 4733 765 4782; x_wconf 77' lang='lat' dir='ltr'><strong>quoe</strong></span> <span class='ocrx_word' id='word_1_265' title='bbox 812 4721 902 4779; x_wconf 73' lang='lat' dir='ltr'><strong>tot,</strong></span> <span class='ocrx_word' id='word_1_266' title='bbox 939 4715 1003 4768; x_wconf 80' lang='lat' dir='ltr'><strong>G.</strong></span> <span class='ocrx_word' id='word_1_267' title='bbox 1072 4714 1207 4780; x_wconf 81' lang='lat' dir='ltr'><strong>(The</strong></span> <span class='ocrx_word' id='word_1_268' title='bbox 1250 4715 1352 4766; x_wconf 78' lang='lat' dir='ltr'><strong>last</strong></span> <span class='ocrx_word' id='word_1_269' title='bbox 1392 4714 1535 4765; x_wconf 78' lang='lat' dir='ltr'><strong>word</strong></span> 
     </span>
    </p>
   </div>
  </div>
 </body>
</html>
