3634 5800
893 825 1025 888 314
1782 847 2147 896 nmen-omi.
2623 834 2780 916 [Am.
2819 835 3010 900 1170.

884 1023 1039 1088 dam
1114 1023 1262 1090 aliis
1337 1026 1830 1092 nomine-tenus
1905 1027 2246 1113 episcopis,
2324 1047 2609 1112 quorum
2689 1028 3004 1094 memoria

887 1123 961 1188 in
1022 1125 1481 1192 maledictione
1548 1133 1666 1194 est.
1757 1127 1892 1194 Vos
1963 1148 2135 1215 ergo,
2181 1133 2396 1214 pater,
2444 1129 2526 1194 de
2572 1135 2808 1196 caetero
2853 1150 3001 1218 pro-

886 1223 1110 1291 videte
1172 1225 1455 1304 ecclesiae
1500 1226 1599 1291 illi
1667 1249 1817 1312 quae
1876 1228 2080 1315 periit
2125 1229 2199 1292 in
2257 1229 2566 1295 manibus
2613 1231 2870 1308 vestris,
2913 1252 2998 1296 ne

888 1326 1154 1412 sanguis
1230 1327 1371 1413 ejus
1446 1328 1822 1414 requiratur
1894 1351 1937 1396 a
2011 1329 2220 1394 vobis.
2337 1329 2531 1412 Quod
2591 1330 2789 1397 aliter
2851 1330 2996 1396 fieri

886 1447 1075 1510 posse
1141 1449 1277 1493 non
1344 1429 1668 1494 credimus
1733 1430 1822 1495 ad
1888 1430 2338 1498 redimendam
2403 1430 2650 1497 famam
2710 1436 2780 1496 et
2840 1452 2996 1498 con-

888 1529 1231 1596 scientiam
1297 1535 1602 1611 vestram,
1652 1531 1782 1596 nisi
1843 1531 2152 1618 praefatos
2217 1531 2667 1601 malefactores
2725 1534 2981 1601 virtute

891 1630 1249 1715 apostolica
1292 1633 1660 1700 conteratis.

1739 1961 2054 2028 DOLXX
2063 1962 2134 2026 V.

978 2111 1251 2178 Psmus
1294 2112 1669 2178 Bnmnnffls
1712 2129 1811 2178 u>
1855 2113 1901 2178 J
1903 2127 2194 2179 omum
2242 2110 2908 2178 Smnsnnmnnsnu}

1092 2259 1233 2323 (Pet.
1256 2259 1393 2310 Bles.
1418 2265 1501 2322 22,
1520 2261 1601 2310 ed.
1627 2260 1805 2328 Migne
1831 2262 2050 2324 (Patr-ol.
2077 2261 2285 2324 ccvii),
2319 2261 2437 2312 Ms.
2462 2259 2658 2314 CCCC.
2685 2263 2798 2322 22.)

978 2386 1330 2456 Carissimo
1375 2391 1585 2456 amico
1629 2410 1748 2456 suo
1811 2390 2127 2478 magistro
2173 2389 2220 2455 J
2219 2391 2417 2456 oanni
2464 2391 2548 2456 de
2593 2389 2985 2467 saresberia,

889 2491 1122 2558 Petrus
1167 2491 1493 2558 Blesensis
1554 2491 2048 2576 [Bathoniensis
2111 2492 2635 2577 archidiaconus]
2701 2491 2983 2558 salutem

889 2593 963 2657 in
1006 2597 1273 2660 auctore
1318 2594 1568 2660 salutis.

553 2714 822 2769 Goodness
976 2693 1297 2776 Quotiens
1372 2715 1746 2761 communes
1821 2693 2108 2762 ecclesiae
2171 2693 2562 2780 Anglicanae
2634 2714 2983 2779 pressuras,

549 2780 715 2898 ἓξὲξ
885 2795 1266 2884 dominique
1326 2797 1549 2877 vestri,
1612 2795 1882 2862 Thomae
1941 2793 2412 2881 archiepiscopi
2473 2794 2986 2875 cantuariensis,

550 2913 778 2979 bishop·s
885 2897 1213 2977 exsilium,
1258 2898 1609 2986 diligenter
1672 2895 1962 2975 attendo,
2009 2896 2370 2982 plurimum
2449 2895 2615 2961 mihi
2683 2897 2860 2963 cedit
2901 2898 2988 2966 ad

546 2994 713 3031 σωκ·
884 3000 1194 3067 solatium
1240 3000 1416 3086 quod
1459 3021 1579 3086 pro
1615 3000 1644 3086 j
1656 3000 1885 3066 ustitia
1944 2997 2071 3064 Dei
2141 3004 2210 3064 et
2277 3018 2397 3084 pro
2462 2998 2750 3065 ecclesiae
2793 2999 2988 3065 liber-

883 3108 1024 3168 tate
1083 3124 1155 3167 se
1209 3123 1473 3167 murum
1540 3102 1834 3187 opponit,
1881 3105 1950 3165 et
1993 3121 2077 3165 ex
2141 3100 2288 3186 ipsa
2361 3100 2812 3183 persecutione
2855 3102 2980 3169 hac

881 3203 1083 3269 finem
1148 3204 1510 3270 merebitur
1570 3201 1947 3289 gloriosum.
2042 3202 2256 3267 Video
2320 3202 2496 3287 quod
2565 3202 2766 3289 positi
2827 3204 2984 3271 estis

882 3306 1058 3371 inter
1116 3305 1427 3371 malleum
1491 3310 1562 3369 et
1626 3304 1952 3382 incudem,
1997 3308 2066 3368 et
2134 3303 2396 3369 assidue
2461 3325 2660 3390 supra
2723 3304 2990 3371 dorsum

880 3412 1179 3473 vestrum
1274 3407 1602 3473 fabricant
1692 3411 2078 3491 peccatores.
2202 3404 2676 3483 Veruntamen,
2761 3408 2818 3471 si
2919 3407 2994 3473 in

881 3507 1147 3575 Christo
1192 3514 1260 3575 et
1280 3506 1305 3547 ²
1348 3529 1467 3594 pro
1522 3507 1785 3573 Christo
1847 3506 2177 3593 pugnatis,
2223 3505 2378 3593 Ipse
2437 3527 2576 3574 non
2640 3510 2988 3594 permittet

882 3631 1001 3675 vos
1044 3611 1291 3676 tentari
1334 3630 1533 3695 supra
1561 3608 1633 3673 id
1678 3608 1858 3694 quod
1899 3609 2176 3694 potestis
2219 3608 2410 3685 ferre,
2439 3608 2556 3674 sed
2599 3608 2799 3677 faciet
2843 3631 2994 3678 cum

545 3730 656 3780 The
676 3745 792 3781 een·
880 3710 1249 3776 tentatione
1324 3714 1719 3796 proventum
1725 3759 2386 3776 .......
2486 3709 2690 3775 Vobis
2765 3711 2992 3797 itaque

542 3810 703 3849 suren.
872 3811 1290 3898 congratulor
1353 3811 1511 3896 quia
1568 3810 1910 3896 justitiam
1973 3810 2048 3873 in
2114 3808 2455 3895 judicium
2557 3809 2990 3890 convertitis,³

878 3914 1035 3998 quia
1080 3913 1493 3999 quorundam
1558 3910 1982 3977 rebellionem
2049 3914 2254 3995 atque
2321 3912 2804 3979 contumaciam
2849 3933 2990 3977 sus-

876 4015 1211 4099 pensionis
1284 4013 1852 4080 animadversione
1927 4011 2326 4097 reprimitis3
2415 4010 2473 4077 si
2547 4016 2776 4079 tamen
2862 4013 2988 4081 hoc

875 4116 1095 4185 facitis
1138 4118 1413 4184 rationis
1459 4121 1528 4182 et
1563 4116 1849 4202 justitiae
1894 4118 2100 4193 motu,
2144 4135 2282 4180 non
2342 4114 2490 4199 *zelo
2534 4114 2808 4181 ultionis
2867 4122 2990 4183 aut

874 4218 1109 4285 alienae
1169 4219 1431 4305 injuriae
1494 4218 1850 4304 appetitur.
1975 4216 2195 4293 Nihil,
2261 4237 2511 4301 quaese,
2579 4216 2840 4285 faciatis
2904 4239 2989 4283 ex

875 4342 1145 4389 rancore
1204 4320 1313 4385 vel
1357 4319 1525 4396 odio,
1570 4318 1687 4383 sed
1732 4316 1955 4383 omnia
2000 4321 2229 4387 vestra
2291 4318 2368 4381 in
2433 4316 2710 4384 caritate
2777 4317 2988 4399 fiant3

876 4444 998 4490 nec
1043 4422 1220 4488 enim
1264 4442 1349 4486 ex
1394 4420 1844 4505 persecutione
1913 4419 2040 4485 hac
2101 4418 2338 4485 salutis
2383 4418 2757 4504 manipulos
2803 4419 2986 4487 colli-

944 4645 957 4673 ¹
1002 4640 1297 4692 Consolatio
1363 4642 1419 4691 in
1492 4638 1670 4691 exsilio
1742 4639 1882 4691 beati
2037 4640 2060 4672 2
2094 4640 2147 4689 in
2177 4638 2386 4691 Christo
2408 4647 2475 4701 et,
2495 4655 2596 4691 om.
2619 4642 2700 4691 ed.

883 4719 1099 4782 Thomoe,
1120 4720 1236 4771 MS.
2040 4719 2062 4752 ³
2097 4719 2430 4778 convertistis,
2453 4720 2534 4769 ed.
