3634 5800
567 861 694 914 an.
730 845 957 931 1172]
1460 855 1820 908 Ems‘rom.
2545 838 2676 903 543

661 1047 820 1113 Ideo
866 1045 1277 1133 propositum
1322 1048 1392 1109 et
1436 1043 1696 1130 signum
1760 1039 2315 1128 peregrinationis
2359 1038 2681 1125 arripiens

570 1148 653 1214 de
726 1151 1025 1214 torrente
1098 1147 1172 1212 in
1232 1145 1347 1210 via
1419 1143 1628 1223 bibit;
1702 1146 2052 1230 propterea
2125 1141 2502 1207 exaltatum
2578 1144 2681 1206 est

571 1269 813 1314 nomen
868 1249 1012 1336 ejus
1071 1249 1144 1313 in
1206 1245 1437 1333 patria.
1535 1243 1646 1310 Sic
1716 1242 1966 1309 domini
2031 1247 2099 1308 et
2162 1242 2400 1308 fratres
2467 1241 2681 1306 nostri

568 1349 874 1416 monachi
938 1349 1346 1417 cathedrales
1410 1345 1649 1432 pupilli
1716 1345 1878 1410 facti
1923 1348 2083 1409 sunt
2145 1341 2398 1428 absque
2470 1346 2680 1429 patre.

572 1451 755 1516 Deus
800 1457 1043 1530 autem,
1073 1451 1189 1537 qui
1236 1449 1472 1516 eduxit
1517 1448 1599 1513 de
1644 1446 1928 1512 mortuis
1971 1446 2316 1512 Pastorem
2363 1465 2680 1532 magnum

573 1553 802 1620 ovium
820 1552 843 1591 ¹
934 1553 1006 1617 in
1096 1551 1415 1639 sanguine
1506 1548 1891 1615 testamenti
1982 1547 2232 1625 aeterni,
2323 1545 2684 1612 Dominum

572 1655 619 1721 J
620 1677 803 1722 esum
873 1653 1230 1732 Christum,
1298 1655 1450 1740 Ipse
1517 1654 1624 1737 (ut
1698 1650 1902 1716 verbo
1979 1651 2199 1736 Moysi
2275 1649 2454 1734 utar)
2535 1670 2682 1735 pro-

575 1756 802 1822 videat
831 1756 1052 1821 virum
1100 1756 1214 1842 qui
1261 1756 1351 1821 sit
1380 1775 1577 1841 super
1600 1751 1625 1792 2
1671 1753 2172 1819 multitudinem
2202 1751 2390 1820 hanc.
2483 1751 2685 1818 Porro
2711 1756 2981 1822 Disagree-

574 1856 847 1944 plurimi
892 1863 1385 1944 conqueruntur
1450 1861 1521 1922 et
1582 1854 2160 1942 impatientissime
2220 1854 2447 1920 ferunt
2507 1854 2684 1939 quod
2709 1831 3004 1940 ffieffiffcffl„

576 1958 827 2024 Christi
924 1961 1153 2026 tunica
1242 1957 1657 2026 inconsutilis
1748 1957 1926 2022 inter
1988 1977 2098 2022 eos
2173 1961 2243 2022 et
2346 1956 2682 2043 episcopos
2709 1955 2767 2006 of
2783 1971 2815 2006 α
2835 1971 2947 2005 ⁸¹¹⁰·

573 2066 767 2126 terrae
811 2061 1012 2128 scissa
1057 2067 1176 2140 est,
1220 2082 1341 2128 nec
1400 2065 1666 2125 tantum
1712 2081 1914 2126 vacca
1959 2065 2028 2125 et
2070 2059 2240 2124 aries
2301 2060 2416 2125 sed
2461 2065 2686 2125 turtur
2710 2035 2894 2072 ⁰⁰⁸⁸⁰²

571 2169 641 2228 et
687 2163 990 2230 columba
1034 2164 1265 2230 divisse
1309 2168 1469 2228 sunt
1512 2167 1583 2228 et
1626 2162 2021 2228 altrinsecus
2065 2165 2404 2248 separatae.
2500 2161 2685 2228 Ausa

572 2271 675 2330 est
718 2265 1083 2351 irrumpere
1126 2285 1335 2350 usque
1380 2263 1467 2328 ad
1512 2261 1852 2349 religionis
1914 2261 2306 2348 professores
2367 2263 2686 2350 magistra

573 2368 692 2434 illa
738 2368 1098 2446 discordiae,
1146 2368 1283 2432 odii
1326 2367 1534 2432 fomes
1579 2372 1650 2432 et
1694 2365 1946 2436 occasio
1989 2365 2470 2445 scandalorum,
2516 2387 2680 2454 prae-

574 2474 964 2555 sumptuosa
1038 2469 1289 2536 scilicet
1362 2468 1708 2555 usurpatio
1767 2467 2040 2534 seorsim
2117 2473 2187 2534 et
2258 2469 2685 2556 singulariter

580 2571 885 2658 eligendi,
962 2577 1056 2648 ut,
1132 2575 1511 2657 contempta
1580 2576 1649 2636 et
1722 2570 1982 2656 abjecta
2072 2571 2526 2658 episcoporum
2618 2579 2688 2638 et

572 2673 891 2739 abbatum
966 2672 1441 2739 deliberatione
1517 2672 1877 2751 communi,
1923 2671 2118 2738 fieret
2196 2673 2428 2741 electio
2504 2673 2682 2739 clan-
2805 2753 2812 2758 Ι

581 2774 843 2840 destina
910 2780 978 2841 et
1044 2774 1293 2842 furtiva
1354 2780 1424 2840 et
1488 2774 1952 2841 consuetudini
2023 2776 2370 2852 contraria,
2418 2775 2686 2842 inimica

578 2877 853 2963 legibue,
884 2877 1199 2943 damnata
1242 2875 1539 2955 decretis,
1570 2880 1639 2941 et
1682 2875 1976 2942 moribus
2006 2876 2370 2962 reprobata.
2443 2875 2688 2944 Omnes

578 2981 815 3057 caeteri,
861 2980 977 3065 qui
1043 3000 1219 3046 nunc
1285 2979 1599 3066 injuriam
1645 2984 1715 3044 et
1759 2983 2214 3064 contemptum
2258 3000 2453 3044 suum
2496 3002 2687 3066 repu-

580 3086 733 3147 tant
778 3102 923 3147 eam
969 3102 1168 3168 quam
1232 3080 1537 3146 monachi
1586 3079 1887 3145 fecerunt
1950 3080 2354 3159 electionem,
2401 3081 2474 3145 in
2541 3104 2687 3167 per-

580 3204 809 3249 sonam
854 3205 1005 3269 quae
1071 3182 1417 3249 nominata
1476 3186 1579 3247 est
1640 3202 1760 3247 sua
1804 3186 1964 3247 vota
2007 3181 2294 3248 libenter
2337 3188 2406 3249 et
2451 3168 2687 3248 unani-

580 3286 795 3365 miter,
872 3286 1014 3351 sine
1090 3284 1272 3350 omni
1348 3284 1627 3351 scissura
1691 3290 1762 3349 et
1829 3284 2157 3363 scandalo,
2233 3286 2685 3352 contulissent.

588 3386 789 3453 Nunc
833 3392 1058 3453 autem
1102 3407 1334 3451 vereor
1398 3407 1481 3450 ne
1543 3385 1687 3451 haec
1747 3383 1978 3452 electio
2029 3386 2230 3471 (quod
2274 3386 2458 3453 Deus
2502 3408 2689 3453 aver-

584 3490 749 3572 tatl)
816 3488 907 3553 sit
968 3487 1111 3574 ejus
1175 3486 1473 3573 dejectiO,
1542 3491 1610 3553 et
1671 3485 1815 3552 haec
1879 3488 2231 3572 acquisitio
2308 3487 2690 3556 umbraticae

584 3589 917 3657 libertatis
962 3593 1393 3657 convertatur
1428 3587 1717 3654 ecclesiae
1763 3585 2019 3653 Christi
2064 3590 2137 3653 in
2180 3590 2527 3656 materiam
2558 3613 2690 3657 ser-

584 3692 838 3758 vitutis.
931 3690 1105 3757 Sane
1149 3690 1357 3777 pestis
1402 3689 1544 3756 haec
1592 3694 1661 3755 et
1712 3690 1864 3756 aliae
1907 3690 2422 3758 innumerabiles
2457 3714 2693 3780 corpus

584 3794 871 3861 ecclesiae
960 3793 1286 3881 generalis
1384 3791 1581 3857 hodie
1687 3792 1997 3859 inficiunt
2087 3799 2155 3860 et
2244 3802 2690 3884 corrumpunt.

585 3898 863 3963 Irruunt
936 3896 1090 3963 laici
1164 3898 1237 3960 in
1314 3898 1545 3961 sancta
1619 3898 2019 3981 sanctorum,
2095 3898 2454 3963 sanctuarii
2529 3920 2690 3965 vero

581 3999 834 4085 lapides
864 3999 1339 4085 disperguntur
1367 3997 1441 4060 in
1471 3995 1689 4082 capite
1720 3997 2017 4061 omnium
2047 3996 2434 4083 platearum.
2515 3999 2687 4066 Con-

584 4104 941 4166 vertuntur
1001 4098 1199 4165 hodie
1267 4097 1557 4165 claustra
1618 4099 1691 4162 in
1756 4102 1971 4165 castra
1987 4094 2014 4137 ³
2080 4102 2150 4164 et
2192 4097 2355 4177 fora,
2401 4100 2689 4187 religiosi

582 4204 657 4268 in
701 4202 1016 4279 ethnicos
1047 4204 1346 4287 pastores
1391 4199 1464 4264 in
1510 4199 1716 4285 lupos,
1748 4198 1966 4264 lilium
2011 4198 2085 4263 in
2130 4200 2407 4288 spinam,
2451 4221 2689 4268 aurum

580 4306 654 4371 in
717 4305 1006 4383 scoriam,
1052 4304 1461 4369 frumentum
1524 4302 1597 4366 in
1658 4301 1907 4380 lolium,
1950 4302 2183 4368 vinum
2245 4304 2319 4370 in
2386 4305 2690 4386 acetum,⁴

584 4407 801 4475 oleum
845 4407 918 4472 in
961 4426 1312 4475 amurcam.
1404 4402 1743 4491 Respiciat
1788 4403 2113 4469 Dominus
2157 4404 2230 4471 in
2274 4405 2512 4473 faciem
2557 4412 2688 4473 tes-

648 4684 669 4717 ¹
702 4685 880 4746 ovium,
900 4698 1003 4735 om.
1026 4684 1136 4734 MS.
1744 4678 1766 4713 ³
1798 4684 1974 4729 castra
1997 4687 2062 4743 et,
2084 4694 2188 4734 om.
2212 4680 2327 4736 MS.

648 4766 671 4798 ²
688 4765 871 4830 frater
894 4762 999 4827 (for
1018 4764 1217 4829 super),
1238 4762 1352 4816 MS.
1744 4758 1767 4792 ⁴
1799 4760 2014 4822 aditum,
2035 4758 2155 4814 MS.
