3634 5800
928 825 1059 889 560
1805 841 2170 892 nmsromn.
2341 796 2354 811 ’
2649 825 2812 909 [Am.
2847 826 2878 889 1
2893 821 3045 891 173.

923 1037 1170 1121 possim
1214 1038 1586 1125 relinquere
1629 1039 2000 1125 gloriosam.
2092 1041 2204 1105 Ad
2267 1041 2444 1126 quod
2489 1060 2648 1105 sane
2707 1037 3042 1123 complen-

924 1136 1100 1217 dum,
1135 1140 1293 1225 quia
1337 1162 1453 1226 per
1496 1162 1603 1207 me
1646 1162 1785 1206 non
1814 1140 2004 1207 valeo
2049 1142 2368 1228 temporis
2409 1141 2736 1208 obstantis
2779 1138 3043 1205 malitia

921 1243 1281 1324 pervenire,
1328 1243 1411 1309 aad
1459 1244 1726 1309 solitum
1771 1250 2006 1309 vestrae
2066 1245 2503 1333 benignitatis
2570 1242 2899 1310 auxilium
2969 1246 3043 1306 et

920 1347 1169 1408 sanotae
1212 1342 1531 1410 Romanae
1576 1345 1861 1411 ecclesiae
1907 1346 2292 1431 praesidium
2339 1344 2690 1432 singula-re,
2735 1344 2808 1409 in
2853 1344 3040 1409 omni

920 1463 1175 1529 semper
1248 1446 1747 1531 opportunitate
1839 1453 2204 1525 convertor,
2251 1448 2441 1534 ,quia
2529 1468 2648 1513 vos
2723 1450 3039 1532 expertus

926 1566 1073 1609 sum
1136 1547 1209 1611 in
1272 1549 1455 1613 omni
1500 1570 1755 1635 semper
1819 1550 2146 1635 petitione
2213 1550 2597 1637 propitium,
2643 1554 2716 1613 et
2781 1548 2855 1613 in
2918 1568 3037 1611 ex-

636 1721 648 1733 ,
920 1649 1296 1733 pugnandis
1341 1649 1843 1716 difficultatibus
1911 1652 2072 1719 meis
2139 1651 2407 1738 penitus
2469 1650 2811 1718 efficacem.
2904 1648 3038 1714 La-

582 1722 897 1852 gffl’ness'itffige
922 1754 1131 1814 torem
1178 1772 1329 1837 ergo
1376 1753 1817 1837 praesentium,
1865 1755 2256 1840 magistrum
2302 1753 2766 1830 Gislebertum,
2829 1772 3034 1837 quem

579 1870 775 1906 reeom—
922 1850 1087 1916 mihi
1108 1851 1285 1916 tum¹
1316 1853 1641 1932 honestas,
1674 1858 1820 1919 tum
1850 1856 2140 1933 scientia,
2163 1859 2308 1921 tum
2327 1856 2529 1921 etiam
2559 1854 2742 1920 beati
2759 1852 3036 1919 Thomae

580 1924 812 2043 ξζῗιῗξῗ·
828 1989 897 2040 ἰῇ,
924 1951 1423 2020 cantuariensis
1466 1956 1937 2044 archiepiscopi
1982 1957 2262 2023 ulterior
2307 1978 2442 2043 qua
2487 1978 2642 2024 eum
2711 1954 3035 2041 complec-

582 2061 695 2106 526·
921 2054 1189 2121 tebatur
1247 2057 1463 2143 gratia
1529 2058 2035 2138 commendavit,
2082 2060 2170 2125 ad
2237 2059 2436 2146 pedes
2509 2063 2750 2125 vestrae
2813 2056 3034 2143 dirigo

919 2157 1314 2236 sanctitatis,
1360 2164 1440 2225 ut
1484 2180 1602 2245 per
1645 2182 1797 2227 eum
1843 2161 2036 2227 vobis
2081 2161 2331 2227 veritas
2393 2166 2470 2227 et'
2499 2160 2768 2247 justitia
2827 2180 3034 2246 nego·

918 2260 1163 2325 tiorum
1209 2266 1586 2327 nostrorum
1632 2262 1888 2347 plenius
1937 2264 2324 2339 innotescat,
2371 2268 2441 2329 et
2483 2262 2779 2349 epistolae
2808 2261 3032 2327 brevi-

915 2365 1125 2427 tatem
1172 2363 1576 2429 commodius
1620 2385 1832 2429 sermo
1881 2364 2075 2429 vivus
2089 2362 2116 2403 ²
2143 2366 2489 2431 instauret.
2582 2364 2770 2451 Rogo
2799 2364 3032 2448 itaque

915 2467 995 2528 ut
1061 2464 1279 2550 ipsum
1325 2464 1585 2531 bonitas
1627 2471 1856 2534 vestra
1899 2487 1978 2533 ea
2043 2488 2176 2552 qua
2243 2488 2347 2534 me
2393 2472 2463 2532 et
2526 2488 2704 2533 meos
2771 2486 3032 2551 semper

916 2567 1349 2633 consuevistis
1393 2568 1807 2655 benignitate
1851 2569 2185 2655 suscipiat,
2230 2574 2300 2635 et
2345 2569 2780 2635 diuturnitati
2823 2587 3028 2654 nego-

916 2668 1161 2734 tiorum
1205 2674 1580 2736 nostrorum
1624 2670 1827 2737 finem
1869 2672 2114 2738 curetis
2158 2671 2510 2758 imponere,
2555 2692 2753 2758 super
2781 2669 3030 2756 quibus

914 2790 957 2835 8
1000 2771 1190 2837 vobis
1235 2772 1499 2858 primos²
1530 2773 1865 2852 secundos»,
1913 2779 1984 2839 et
2027 2774 2262 2839 tertios
2299 2774 2557 2859 judices
2593 2772 2737 2859 jam
2765 2771 3028 2857 accepi3

787 2939 797 2948 ,
913 2873 1029 2938 sed
1073 2877 1215 2940 tam
1259 2895 1408 2960 spes
1452 2894 1599 2943 mea
1644 2895 1843 2960 quam
1889 2896 2115 2941 eorum
2161 2874 2450 2963 cognitio
2493 2874 2722 2940 multis
2766 2872 3028 2940 artibus

910 2979 1014 3040 est
1056 2975 1257 3052 elusa,
1302 2996 1387 3040 ne
1434 2997 1691 3062 possem
1736 2997 1945 3062 usque
1989 2978 2077 3044 ad
2139 2977 2556 3042 audientiam
2601 2975 2802 3041 etiam
2868 2995 3024 3061 per·

910 3077 1153 3142 venire.
1246 3077 1376 3143 His
1456 3083 1680 3144 autem
1759 3079 1877 3164 qui
1953 3100 2037 3144 ex
2127 3083 2318 3166 parte
2392 3099 2539 3145 mea
2610 3077 2802 3144 vobis
2891 3075 3024 3142 iste

910 3179 1174 3257 dixerit,
1220 3179 1418 3246 fidem
1464 3181 1915 3247 indubitatam
1973 3181 2214 3248 habere
2283 3181 2606 3268 poteritiS,
2653 3180 2813 3266 quia
2877 3199 3022 3244 sac-

908 3280 1113 3368 rilego
1180 3281 1394 3367 majus
1462 3286 1565 3348 est
1628 3286 1962 3350 attentare
2029 3283 2233 3350 etiam
2301 3287 2588 3351 vestram
2651 3283 2726 3347 in
2792 3281 3022 3368 aliquo

909 3382 1137 3449 fallere
1180 3383 1621 3450 sanctitatem.

976 3615 994 3650 ¹
1030 3625 1146 3679 tum,
1170 3615 1209 3670 J
1224 3636 1240 3680 ;
1275 3633 1400 3679 eum,
1427 3616 1490 3669 G.
1940 3617 1953 3684 Ι
2068 3615 2092 3650 ²
2123 3617 2288 3682 vivus,
2310 3617 2348 3672 J
2367 3639 2382 3680 ς
2421 3617 2588 3682 unius,
2611 3618 2677 3672 G.
