3634 5800
547 3709 801 3759 Euforeed

548 3777 734 3852 app-eal

545 3849 745 3907 against

548 3909 636 3958 the
659 3909 808 3957 areh-

546 3973 744 4038 bisbop.

871 891 952 951 52
1359 970 1364 975 ο
1747 903 2105 951 Eme-rome.
2594 888 2751 972 [ΛΦ.
2788 891 2817 951 1
2834 890 2975 953 169.

869 1107 987 1150 suo
1033 1092 1102 1151 et
1146 1087 1566 1152 subditorum
1599 1086 1867 1151 nomine
1914 1086 2233 1151 adversus
2281 1088 2669 1151 mandatum
2716 1092 2976 1173 aposto·

870 1190 1070 1255 licum
1117 1189 1572 1275 appellarent3
1627 1210 1775 1255 eum
1828 1194 2055 1255 tamen
2100 1188 2293 1253 nobis
2343 1190 2675 1254 indultum
2726 1190 2817 1255 sit
2860 1210 2976 1275 ap-

874 1290 1345 1376 pellationibus
1391 1290 1770 1375 hujusmodi
1830 1311 1963 1355 non
2011 1290 2278 1355 deferre.
2386 1290 2512 1355 Sed
2548 1290 2690 1357 Deo
2742 1291 2977 1355 melius

877 1394 1282 1471 providente,
1331 1398 1658 1459 evacuata
1703 1398 1808 1457 est
1852 1392 2112 1467 malitia
2158 1394 2317 1477 ejus,
2364 1414 2498 1458 non
2564 1393 2978 1459 eonsentien-

875 1496 1058 1561 tibus
1104 1497 1163 1561 ei
1211 1496 1373 1559 viris
1419 1493 1761 1579 religiosis,
1809 1516 1931 1560 nec
2000 1516 2117 1581 pro
2164 1500 2347 1561 metu
2414 1494 2812 1571 officialium,
2858 1515 2979 1559 nee

877 1618 996 1683 pro
1059 1596 1374 1662 mandato
1437 1596 1720 1681 publicae
1794 1597 2162 1679 potestatiS,
2228 1594 2417 1679 eujus
2486 1598 2557 1660 in
2634 1596 2978 1661 inferendo

877 1702 1014 1765 vim
1062 1700 1513 1785 praetendebat
1557 1696 2061 1763 auctoritatem.¹
2158 1698 2238 1762 In
2270 1698 2394 1764 hae
2440 1700 2542 1763 sui
2588 1698 2979 1765 necessitate

877 1804 1033 1869 fidei
1082 1809 1316 1867 vestrae
1384 1802 1910 1886 experimentum
1976 1798 2185 1865 faeit²
2231 1800 2518 1879 eeclesia,
2585 1808 2652 1865 et
2717 1801 2979 1866 eximiae

877 1906 1150 1970 virtutis
1197 1904 1337 1969 Deo
1384 1908 1452 1967 et
1498 1904 1876 1967 hominibus
1940 1904 2407 1989 gratissimum,
2452 1910 2591 1969 tam
2641 1903 2982 1990 praesenti-

880 2008 1002 2071 bus
1068 2028 1266 2091 quam
1327 2006 1622 2092 posteris,
1679 2005 2065 2090 relinquetis
2136 2004 2533 2091 exemplum.
2654 2005 2795 2071 Nee
2860 2026 2980 2069 vos

881 2114 1174 2175 terreant
1215 2115 1335 2173 aut
1381 2111 1696 2172 moveant
1746 2108 2091 2173 blanditiae
2138 2106 2246 2172 vel
2294 2108 2493 2172 minae
2544 2108 2978 2183 seductorum,

880 2234 1030 2277 cum
1077 2216 1326 2277 certum
1374 2210 1464 2274 sit
1509 2211 1684 2295 quod
1733 2232 1882 2295 spes
1929 2209 2280 2295 impiorum
2330 2210 2591 2296 peribit,
2638 2216 2707 2275 et
2768 2211 2982 2296 pariet

880 2314 1340 2379 confusionem.
1435 2312 1524 2377 Et
1569 2313 1684 2397 qui
1730 2312 1925 2377 timet
1969 2312 2293 2396 pruinam,
2339 2313 2547 2377 irruet
2592 2334 2788 2400 super
2832 2334 2983 2377 eum

881 2413 1050 2495 nix,³
1118 2415 1336 2479 Deum
1407 2436 1564 2478 vero
1639 2415 2163 2500 praetimentibus
2239 2414 2409 2479 nihil
2486 2415 2979 2501 expedientium

881 2517 1082 2583 deest.

1826 2961 2035 3026 DLII.

899 3114 1058 3178 Ono
1107 3129 1490 3180 Memmius
1537 3113 2105 3180 CANTUARmNms
2150 3131 2249 3179 AD
2292 3115 2675 3182 RICARDUM
2724 3117 2963 3182 Pic'rA-

1463 3231 1739 3280 VENSEM
1787 3231 2395 3283 Anonmmcomm.

1089 3369 1183 3428 (A.
1218 3373 1302 3419 137
1327 3389 1340 3426 ς
1379 3369 1440 3418 Ο.
1467 3366 1519 3418 ii.
1551 3373 1642 3418 129
1667 3389 1678 3423 ;
1717 3367 1756 3416 Ζ
1797 3367 1869 3416 iii.
1896 3373 1991 3425 903
2026 3367 2155 3431 Lup.
2180 3367 2252 3417 iii.
2278 3373 2372 3428 90;
2415 3369 2481 3420 G.
2506 3369 2614 3420 Fol.
2641 3373 2783 3428 422.)

971 3497 1349 3562 Venerabili
1399 3498 1665 3562 domino
1712 3504 1781 3562 et
1845 3499 2054 3562 amieo
2100 3519 2219 3562 suo
2266 3499 2563 3576 RicardO,
2614 3499 2986 3564 Pictavensi

883 3599 1361 3676 archidiacono,
1408 3598 1616 3663 frater
1662 3598 1807 3664 Odo
1854 3605 2169 3664 aeternam
2218 3600 2289 3682 in
2336 3597 2602 3666 Christo
2646 3602 2943 3668 salutem.

979 3701 1163 3765 Licet
1207 3700 1490 3782 abjectio
1555 3701 1971 3786 paupertatis
2038 3722 2199 3766 meae
2268 3703 2444 3765 tanti
2509 3703 2638 3766 viri
2706 3703 2984 3769 familia-

883 3802 1084 3868 ritate
1145 3803 1437 3886 judieari
1506 3803 1716 3887 possit
1783 3802 2078 3888 indigna,
2124 3803 2413 3888 prudens
2482 3809 2705 3869 tamen
2774 3807 2984 3870 excel-

883 3905 1090 3970 lentia
1135 3911 1271 3979 tua,
1317 3903 1694 3989 spirituales
1727 3903 2000 3968 divitias
2046 3904 2517 3989 temporalibus
2565 3911 2985 3991 anteponen3‚

883 4027 1080 4092 quam
1129 4005 1468 4068 humiliter
1514 4004 1678 4068 mihi
1725 4005 1789 4069 in
1858 4005 2308 4070 familiaritate
2358 4028 2472 4090 per
2530 4007 2871 4071 caritatem
2920 4015 2989 4072 et

882 4108 1254 4172 orationum
1299 4107 1584 4192 gratiam
1616 4107 1930 4192 conjungi
1961 4107 2293 4192 postulare
2340 4109 2615 4192 dignata
2658 4109 2764 4186 sit,
2795 4111 2987 4175 credo

883 4209 1062 4295 quod
1135 4208 1430 4282 nondum
1507 4207 1829 4272 oblivioni
1908 4208 2273 4273 tradiderit.
2404 4210 2595 4274 Unde
2672 4215 2984 4295 quoniam

873 4313 1076 4395 juxta
1136 4309 1588 4394 dignationem
1654 4308 2023 4374 voluntatis
2086 4317 2222 4375 tuae
2270 4332 2385 4395 pei·
2409 4313 2429 4348 ⁴
2496 4313 2793 4378 caritatis
2860 4315 2985 4380 tibi

883 4411 1224 4476 vinculum
1271 4417 1514 4486 teneor,
1561 4417 1630 4476 et
1682 4431 1786 4476 me
1850 4409 1977 4474 tibi
2022 4411 2095 4474 in
2142 4411 2241 4475 his
2304 4433 2451 4496 quae
2497 4413 2623 4477 Dei
2668 4423 2827 4482 sunt
2872 4417 2985 4480 ob-

2202 4561 2446 4568 --—-—-.—-—
2457 4563 2515 4569 -——.
2543 4565 2622 4569 ---
2678 4565 2687 4570 .
2703 4565 2738 4570 —.

952 4641 966 4672 ¹
1003 4643 1274 4696 auctorem,
1309 4639 1390 4696 A;
1427 4637 1787 4697 auctoritatem,
1826 4639 1885 4702 Z,
2047 4639 2067 4670 ³
2105 4639 2201 4696 vir,
2226 4638 2291 4686 V.

927 4755 942 4770 .
2048 4715 2067 4746 ⁴
2098 4731 2210 4778 per,
2249 4731 2349 4766 om.
2388 4717 2471 4776 V;
2514 4717 2707 4768 viuculo
2750 4721 2861 4782 (for
2890 4738 2985 4786 per

945 4796 966 4828 2
985 4795 1263 4861 faciant,
1986 4817 1997 4828 ·
2035 4829 2045 4840 .
2084 4831 2095 4842 .
2133 4793 2427 4854 vinculum),
2455 4796 2508 4845 L.

881 4719 926 4768 L
