3634 5800
902 870 1031 934 564·
1780 887 2143 940 nms'rom.
2627 874 2802 962 [Abi
2824 872 3022 943 1176.

903 1087 1251 1152 possumus
1314 1071 1457 1137 sine
1502 1073 1813 1139 scandalo
1875 1079 1945 1139 et
2008 1073 2298 1162 periculo
2344 1074 2649 1155 ecclesiae,
2709 1075 3022 1141 humani-

906 1170 1068 1234 tatis
1134 1172 1482 1237 consilium
1555 1164 2069 1242 misericorditer
2143 1177 2618 1263 impendamus,
2743 1177 3020 1243 Publice

906 1291 1193 1357 namque
1263 1273 1541 1339 interest
1605 1280 1686 1341 ut
1732 1278 2065 1344 materiali
2109 1278 2334 1364 gladio
2399 1278 2832 1345 cohibeantur
2899 1278 3020 1364 qui

904 1393 1026 1439 nec
1070 1372 1286 1438 Deum
1333 1375 1577 1441 timent
1621 1398 1743 1445 nec
1786 1378 2095 1444 deferunt
2139 1379 2442 1457 ecclesiae,
2496 1402 2625 1448 nec
2667 1402 3016 1449 censuram

903 1494 1231 1540 canonum
1276 1482 1680 1543 reverentur.
1792 1478 1973 1546 Bene
2021 1480 2250 1547 valete.

1758 1911 2155 1981 DOCXCV.

1103 2072 1378 2142 Pnrnns
1426 2076 1689 2143 Sanc-n
1732 2077 2030 2143 Rumon
2072 2093 2295 2144 ABBAs
2339 2094 2437 2143 AD
2482 2079 2527 2144 J
2530 2095 2824 2145 omnm(

1633 2180 2257 2247 SAumennmusmr.

1717 2326 1859 2390 (Pet.
1885 2326 2012 2380 cen.
2043 2328 2184 2391 124.)

558 2468 613 2545 4
636 2468 789 2517 remi-
984 2448 1060 2514 Si
1104 2450 1270 2515 bene
1314 2451 1527 2518 recolo
1578 2451 1762 2537 jocos
1821 2451 2058 2537 prioris
2121 2451 2367 2531 saeculi,
2431 2451 2590 2517 olim
2635 2452 2833 2517 simul
2901 2473 3006 2517 es-

559 2549 810 2586 mscenee.
890 2571 1108 2617 semus
1153 2558 1223 2618 et
1266 2553 1351 2618 ad
1398 2554 1681 2621 invicem
1714 2555 1908 2641 plura
1945 2555 2229 2640 jocando
2275 2575 2672 2635 sereremus;
2716 2555 3004 2622 occurrit

891 2654 1067 2719 inter
1112 2661 1350 2721 wetere.
1395 2656 1571 2741 quod
1618 2657 1809 2742 quasi
1855 2656 1938 2721 de
1983 2655 2444 2742 magnitudine
2503 2655 2774 2721 cassulae
2836 2662 3004 2721 tunc

889 2754 1363 2842 archiepiscopi
1406 2757 1696 2837 Thomas,
1740 2777 1922 2823 nunc
1969 2757 2422 2843 pretiosissimi
2468 2758 2799 2842 martyriS,
2843 2778 3002 2822 con-

889 2858 1207 2943 querebar
1252 2858 1369 2924 ubi
1414 2864 1637 2946 posset
1680 2859 1970 2947 reperiri.
2062 2859 2354 2925 Verbum
2400 2858 2569 2924 illud
2613 2859 2770 2925 fecit
2792 2858 3004 2938 Deu3‚

887 2960 1021 3027 imo
1104 2962 1309 3027 risum
1372 2961 1530 3029 fecit
1591 2962 1782 3027 nobis
1849 2975 1920 3028 et
1994 2963 2122 3027 toti
2198 2963 2558 3049 provinciae
2624 2968 2863 3028 vestrae
2927 2967 3002 3026 et

548 3053 863 3185 &gfff-the
886 3067 1147 3156 nostrae.
1238 3063 1407 3129 Inde
1454 3069 1555 3130 est
1602 3064 1777 3150 quod
1831 3064 2270 3150 undecunque
2331 3087 2467 3131 non
2533 3065 2746 3131 solum
2789 3063 2998 3150 Angli

550 3189 696 3237 tomb
712 3189 773 3240 of
786 3192 861 3244 St.
886 3166 1001 3230 sed
1046 3172 1117 3232 et
1164 3165 1359 3243 Galli,
1406 3167 1595 3252 quasi
1640 3167 1726 3232 ad
1772 3167 2095 3232 solemnes
2143 3168 2371 3252 epulas
2417 3173 2486 3232 et
2531 3167 2618 3232 ad
2661 3166 2998 3232 fertilissi-

546 3251 792 3307 Th⁰¹¹¹⁸³·
886 3289 1027 3333 mas
1062 3267 1515 3352 jubilationeS,
1547 3277 1948 3334 concurrunt
1970 3269 2053 3335 ad
2085 3269 2384 3334 tumbam
2416 3268 2718 3355 praedjcti
2745 3269 2959 3333 sancti
2983 3293 3001 3346 3

885 3390 1016 3454 quo
1047 3375 1117 3434 et
1162 3369 1329 3435 mihi
1362 3370 1727 3448 miserrimo
1761 3376 1832 3436 et
1876 3370 2337 3456 indignissimo
2368 3371 2715 3456 contingat
2744 3369 2992 3448 venire,

884 3471 1112 3537 videre
1157 3471 1492 3538 mirabilia
1535 3471 1665 3537 Dei
1711 3479 1783 3536 et
1845 3473 2117 3537 adorare
2164 3471 2380 3538 Deum
2449 3472 2522 3536 in
2583 3476 2810 3538 saneto
2871 3493 2995 3536 suo

883 3579 1245 3659 antequam
1292 3575 1551 3640 moriar.
1645 3573 1791 3639 Etsi
1839 3575 2016 3638 enim
2063 3573 2370 3659 intercipi
2429 3575 2744 3660 voragine
2790 3573 2994 3638 maris

883 3673 1062 3760 quod
1125 3675 1513 3741 intercurrit
1574 3696 1853 3761 possem,
1922 3696 2057 3742 non
2126 3675 2428 3741 timerem
2493 3680 2770 3741 mortem
2839 3695 2990 3740 cum

883 3777 1096 3842 vitam
1173 3798 1552 3863 quaererem.
1694 3775 1976 3841 Interim
2063 3781 2287 3841 autem
2370 3776 2562 3841 corde
2637 3797 2802 3854 meo,
2877 3798 2992 3842 ore

882 3882 1121 3956 vestro,
1166 3879 1348 3945 adite
1394 3879 1817 3964 praesentiam
1865 3877 2044 3963 ejus3
2088 3882 2157 3943 et
2203 3879 2363 3943 totis
2393 3877 2754 3944 visceribus
2785 3883 2992 3963 atque

880 3979 1204 4061 medullis,
1252 4001 1370 4067 pro
1416 3979 1703 4065 peccatis
1750 3984 1820 4045 et
1864 3979 2144 4044 miseriis
2197 3979 2439 4045 nostris
2501 3984 2730 4065 rogate
2773 3978 2990 4044 alum-

877 4105 1041 4148 num
1086 4084 1335 4169 gratiae,
1382 4105 1468 4149 ne
1515 4105 1654 4169 pree
1700 4083 2024 4148 ebrietate
2070 4083 2159 4147 im
2167 4082 2706 4148 mensurabilium
2751 4081 2988 4168 gaudi-

879 4207 1069 4252 orum
1132 4207 1417 4263 suorum,
1483 4206 1617 4271 qua
1678 4185 1765 4250 ab
1832 4183 2142 4249 uberibus
2219 4183 2470 4250 Christi
2544 4190 2615 4250 et
2685 4183 2990 4271 gloriosae

880 4289 1162 4375 virginis
1227 4287 1459 4353 Mariae
1522 4286 1836 4372 repletur,
1880 4287 2094 4352 nostri
2157 4283 2606 4364 obliviscatur,
2651 4307 2800 4352 cum
2867 4307 2992 4352 nos

878 4390 1359 4477 conparticipes
1428 4389 1878 4476 compassione
1944 4387 2153 4455 animi
2230 4389 2303 4452 in
2371 4387 2800 4454 tribulatione
2863 4411 2992 4456 sua

878 4492 1237 4579 aliquando
1290 4491 1619 4568 habuerit,
1664 4496 1737 4556 et
1798 4490 2018 4557 adhuc
2082 4511 2201 4576 pro
2268 4511 2457 4577 posse
2525 4491 2989 4559 devotissimos

878 4595 1108 4683 gloriae
1156 4616 1293 4660 suae
1340 4593 1822 4680 praedicatores.
1916 4594 2017 4658 De
2061 4592 2168 4658 his
2221 4591 2540 4658 hactenus
2585 4641 2984 4662 .......

876 4697 1241 4763 Dominum
1309 4696 1685 4782 episcopum
1735 4694 2176 4760 Exoniensem
2236 4693 2471 4771 salut0,
2535 4699 2605 4760 et
2648 4717 2754 4760 me
2795 4716 2984 4763 sanc-

875 4798 1152 4867 tissimis
1202 4799 1340 4864 suis
1386 4796 1796 4864 orationibus
1843 4798 2240 4864 commendo.
2333 4795 2639 4864 Fratrem
2683 4801 2979 4864 vestrum

540 4570 829 4639 Greetings.
