3634 5800
669 2710 881 2762 Visions

664 2779 769 2827 and

667 2843 917 2896 miracles.

1008 889 1137 959 578
1871 908 2232 960 EmsroLAE.
2723 895 2887 978 [Am.
2921 893 3120 964 1177.

1006 1090 1329 1175 suspicari
1386 1091 1830 1171 ,audentibus
1907 1092 2174 1158 volente
2251 1095 2394 1180 ipso
2471 1098 2766 1180 martyre
2840 1093 2971 1160 Dei
3050 1094 3120 1155 et

996 1191 1295 1275 jubente,
1343 1214 1479 1257 una
1538 1214 1689 1259 cum
1734 1193 1977 1259 dilecto
2025 1196 2200 1260 socio
2259 1200 2485 1260 nostro
2545 1195 2862 1281 magistro
2908 1192 3119 1258 Alex-

1006 1291 1212 1359 andro
1280 1297 1527 1359 terram
1588 1314 1884 1379 egressus
1945 1296 2092 1373 sim,
2171 1303 2239 1361 et
2297 1298 2399 1362 ita
2457 1296 2689 1362 favens
2764 1295 3120 1369 Domimm,

1005 1392 1194 1478 cujus
1257 1394 1425 1460 oculi
1494 1416 1753 1481 semper
1816 1397 2232 1484 prospiciunt
2295 1419 2493 1485 super
2559 1397 2779 1476 fidem,
2841 1418 2948 1462 me
3009 1396 3116 1459 in-

1006 1496 1530 1562 contaminatum
1576 1496 1733 1563 huic
1778 1498 2047 1584 negotio
2092 1519 2213 1585 per
2255 1499 2540 1585 gratiam
2587 1521 2773 1565 suam
2817 1518 3114 1565 reserva-

1008 1597 1126 1673 vit,
1195 1618 1316 1663 nec
1378 1598 1599 1662 exsilii
1663 1599 1792 1663 mei
1860 1598 2137 1685 gloriam
2214 1600 2594 1686 ignominiae
2667 1600 2851 1666 infici
2917 1619 3116 1664 naevo

1008 1698 1344 1765 sustinuit.
1439 1699 1572 1765 Sed
1618 1700 1779 1785 quid
1842 1701 2112 1768 nomino
2158 1702 2377 1767 exsilii
2435 1702 2713 1789 gloriam
2761 1702 2876 1787 qui
2937 1721 3112 1765 mar-

1010 1800 1176 1884 tyrii
1236 1801 1525 1887 palmam
1587 1801 1815 1868 videre
1892 1823 2027 1868 non
2091 1804 2354 1868 merui?
2445 1803 2626 1883 Quin
2693 1804 2916 1889 potius
2977 1808 3117 1867 tor-

1012 1902 1198 1968 cular
1240 1902 1525 1969 calcavit
1570 1902 1766 1982 solus,
1801 1908 1871 1969 et
1918 1904 2000 1969 de
2029 1904 2347 1991 gentibus
2393 1925 2528 1969 non
2575 1909 2722 1971 erat
2765 1904 2872 1967 vir
2889 1900 2915 1941 ¹
2959 1923 3114 1968 cum

1009 2024 1100 2071 e0.
1198 2003 1382 2072 Hinc
1426 2009 1528 2070 est
1573 2006 1751 2090 quod
1817 2005 2078 2090 quoties
2142 2006 2349 2091 ipsius
2419 2010 2575 2071 ante
2635 2006 2878 2071 mentis
2943 2026 3114 2069 meae

1007 2108 1231 2174 oculos
1298 2108 1606 2173 exsilium
1676 2128 1867 2194 pono,
1930 2129 2150 2173 meum
2213 2108 2412 2174 toties
2471 2108 2782 2173 exsilium
2843 2107 3112 2193 plango·

1005 2208 1251 2274 Vereor
1310 2229 1545 2294 nempe
1609 2229 1759 2274 cum
1828 2207 1988 2273 forti
2053 2208 2168 2273 illo
2234 2209 2489 2275 athleta
2551 2209 2799 2275 frustra
2865 2230 2971 2274 me
3039 2209 3116 2272 in

1005 2309 1489 2376 tentationibus
1564 2309 1702 2375 suis
1794 2308 2140 2387 laborasse,
2215 2331 2660 2396 perseverasse
2735 2332 2869 2376 non
2945 2310 3114 2387 dico,

1004 2434 1211 2497 quum
1310 2411 1866 2479 consummationi
1972 2412 2285 2478 interesse
2387 2412 2589 2477 fuerit
2693 2412 3115 2497 denegatum.

1004 2515 1202 2580 Unde
1248 2520 1318 2580 et
1363 2514 1532 2579 mihi
1578 2536 1757 2580 nunc
1788 2519 1890 2579 est
1925 2514 2174 2601 duplex
2219 2514 2597 2580 incendium
2642 2512 3115 2579 tribulationis,

1005 2616 1115 2679 Me
1178 2616 1427 2701 quippe
1472 2615 1668 2702 lugeo
1716 2615 2105 2693 discessisse,
2151 2616 2501 2682 decessisse
2568 2615 2778 2681 illum.
2871 2662 2884 2681 .
2981 2662 2998 2679 .

1003 2716 1049 2781 J
1054 2721 1220 2782 uxta
1295 2717 1472 2802 quod
1548 2717 1667 2781 uni
1742 2738 1829 2781 ex
1906 2716 2223 2782 fratribus
2299 2718 2381 2782 de
2455 2716 2863 2793 PontiniacO,
2937 2718 3116 2781 sicut

1004 2840 1125 2906 pro
1172 2824 1353 2885 certo
1398 2819 1692 2886 creditur
1755 2823 1895 2883 tam
1941 2818 2186 2885 affectu
2231 2840 2430 2905 quam
2477 2818 2712 2885 habitu
2771 2818 3114 2896 monacho,

1004 2921 1222 2988 rubris
1285 2921 1560 2988 indutus
1626 2926 1696 2987 et
1758 2941 2017 2988 crucem
2085 2941 2272 2987 suam
2349 2922 2672 3008 bajulans,
2747 2921 3112 2988 sciscitanti

1004 3023 1331 3109 quomodo
1400 3044 1469 3088 se
1534 3022 1828 3100 haberet,
1903 3024 2254 3108 respondit,
2321 3029 2358 3058 “
2379 3023 2506 3090 Dic
2571 3023 2884 3089 fratribus
2943 3022 3116 3088 meis

1006 3133 1040 3159 “
1088 3125 1263 3211 quod
1296 3146 1417 3211 ego
1460 3125 1595 3191 vici
1640 3124 2021 3202 mundum,'’
2053 3129 2124 3190 et
2153 3125 2390 3190 deinde
2433 3125 2786 3190 vulnerum
2815 3125 2878 3189 ei
2927 3144 3114 3188 mon-

1005 3227 1248 3292 stravit
1310 3226 1657 3292 cicatrices,
1750 3225 2057 3291 Visiones
2075 3223 2100 3264 ²
2173 3231 2348 3292 certe
2413 3227 2596 3306 alias,
2664 3246 2827 3312 quas
2901 3227 3114 3290 servis

1004 3328 1141 3392 suis
1196 3327 1339 3412 jam
1398 3327 1809 3413 multiplicat
1886 3327 2069 3392 Deus
2145 3328 2231 3393 ad
2295 3329 2852 3394 manifestandam
2909 3328 3113 3407 justi-

1004 3430 1167 3494 tiam
1214 3429 1393 3495 illius
1440 3439 1509 3494 et
1554 3429 1878 3515 passionis
1923 3429 2126 3494 trium
2135 3429 2358 3515 phum,
2390 3451 2772 3496 enumerare
2816 3429 3110 3516 longum.

667 3529 926 3595 Difficulty
1002 3529 1134 3597 Sed
1180 3537 1260 3596 ut
1304 3530 1590 3597 visiones
1650 3537 2017 3609 taceantur,
2063 3532 2350 3596 virtutes
2397 3553 2560 3617 quas
2620 3533 2693 3596 in
2753 3537 2932 3597 terra
2991 3531 3114 3596 illa

665 3597 725 3646 of
747 3596 976 3660 publish-
1004 3633 1019 3646 .

662 3661 753 3738 ing
773 3664 863 3714 the

662 3732 911 3782 miracles.

990 3655 1134 3719 Jam
1180 3633 1537 3699 visibiliter
1604 3639 1916 3720 operatur
1977 3632 2175 3712 Deus
2239 3634 2411 3700 sicut
2479 3633 2813 3700 mirabiles
2877 3635 2977 3698 ita
3038 3640 3114 3699 et

997 3735 1227 3801 multae
1272 3741 1445 3801 sunt.
1538 3734 1639 3800 De
1686 3735 1927 3820 quibus
1973 3735 2170 3800 mult-i
2217 3735 2434 3801 multa
2477 3735 2820 3802 sanctitati
2865 3740 3113 3801 vestrae

996 3837 1426 3924 scripsissent,
1504 3837 1636 3902 nisi
1712 3837 2052 3903 carceralis
2132 3837 2310 3902 illius
2387 3842 2582 3903 terrae
2657 3835 2965 3924 angustia
3042 3845 3116 3903 ct

996 3939 1482 4005 dominantium
1530 3938 1767 4004 timore
1814 3945 2287 4024 promerentur.
2369 3939 2405 3976 ⁸*
2499 3937 2537 3974 *¹
2628 3937 2672 3978 ’κ

1068 4191 1083 4222 ¹
1118 4192 1237 4250 nisi,
1260 4191 1322 4242 G.
1884 4191 1893 4258 Ι
1988 4192 2008 4224 2
2060 4191 2286 4244 Visiones
2325 4231 2336 4242 .
2375 4230 2386 4242 .
2427 4228 2438 4240 .
2470 4198 2828 4258 premeremur,
2851 4193 3020 4242 notin
3047 4195 3116 4245 G.
