3634 5800
508 889 639 939 Aa).
678 875 901 960 1172]
1384 891 1745 942 mms'ronAE.
2171 921 2174 926 -
2497 883 2622 943 515

504 1074 849 1140 audientes
896 1077 1171 1160 querula
1202 1077 1406 1142 verba
1450 1077 1593 1161 ejus
1640 1077 1723 1140 de
1770 1077 2275 1164 archiepiscopo,
2307 1079 2622 1164 injuriam

504 1174 665 1260 ejus,
695 1177 943 1262 absque
965 1173 1379 1244 'conscientia
1425 1179 1651 1264 ipsius,
1700 1179 1926 1245 ulcisci
1971 1181 2317 1266 parabant,
2350 1187 2419 1246 et
2450 1181 2616 1256 ide0,

504 1299 653 1342 cum
728 1282 910 1346 omni
984 1282 1365 1347 humilitate
1442 1287 1511 1346 et
1586 1283 1958 1359 devotione,
2023 1283 2108 1346 ad
2183 1283 2406 1350 omnia
2473 1302 2622 1367 quae

502 1377 707 1466 legati
744 1383 1063 1468 juberent
1106 1406 1177 1448 se
1222 1384 1605 1470 expositum
1652 1385 2006 1449 asserebat.

595 1482 780 1550 Tunc
838 1485 1215 1571 injunctum
1274 1492 1376 1551 est
1440 1487 1501 1551 ei
1566 1509 1607 1552 a
1670 1485 1927 1572 legatis,
1987 1486 2164 1571 quod
2230 1487 2622 1570 inveni[r]et

502 1583 819 1652 ducentos
865 1587 1111 1652 milites
1158 1609 1275 1672 per
1320 1609 1572 1652 annum
1634 1589 1972 1673 integrum
2035 1587 2413 1672 sumptibus
2459 1587 2617 1663 suiS,

502 1685 828 1764 videlicet,
890 1688 1245 1773 unicuique
1310 1687 1512 1753 militi
1574 1693 1902 1754 trecentos
1979 1709 2230 1766 aureOS,
2289 1689 2364 1752 in
2439 1695 2620 1754 terra

504 1785 551 1848 J
553 1787 1064 1873 erosolymitana
1108 1795 1339 1856 contra
1368 1811 1677 1876 paganOS,
1712 1791 2073 1857 secundum
2119 1791 2616 1876 dispositionem

508 1887 1021 1972 templariorum.

596 1989 916 2070 Secundo,
978 1993 1155 2078 quod
1230 2013 1439 2080 prava
1510 1999 1769 2059 statuta
1847 1994 1928 2060 de
2007 1993 2474 2071 clarenduna}
2549 2001 2618 2059 et

508 2111 733 2156 omnes
808 2094 1015 2158 malas
1091 2095 1599 2160 consuetudines
1664 2117 1815 2180 quae
1890 2097 1963 2159 in
2028 2095 2263 2160 diebus
2339 2097 2476 2161 suis
2545 2097 2618 2160 in

508 2191 808 2260 ecclesias
883 2193 1010 2260 Dei
1086 2195 1379 2261 inductae
1442 2203 1601 2262 sunt
1676 2196 1945 2282 penitus
2007 2195 2421 2262 dimitteret.²
2543 2196 2616 2262 Si

508 2317 657 2379 quae
734 2303 959 2362 autem
1035 2298 1227 2363 malae
1302 2299 1577 2362 fuerunt
1652 2303 1810 2362 ante
1887 2305 2187 2384 tempora
2247 2321 2386 2375 sua,
2449 2298 2614 2376 illas,

499 2397 703 2481 juxta
747 2400 1135 2465 mandatum
1182 2400 1435 2466 domini
1482 2421 1673 2486 papae
1720 2405 1789 2464 et
1835 2401 2110 2465 consilio
2155 2401 2616 2487 religiosorum

508 2497 824 2578 virorum,
871 2499 1293 2584 temperabit.

599 2600 839 2678 Terti0,
903 2602 1078 2686 quod
1144 2601 1428 2667 ecclesiae
1492 2599 1958 2667 Cantuariensi
2021 2623 2283 2666 omnem
2342 2603 2616 2688 integri-

512 2707 719 2767 tatem
766 2725 953 2768 suam
1000 2703 1073 2767 in
1118 2704 1311 2768 terris
1356 2709 1426 2768 et
1469 2703 1543 2767 in
1586 2703 1736 2767 aliis
1777 2704 1972 2768 rebus
2019 2703 2415 2781 restitueret,
2445 2705 2618 2768 sicut

507 2803 539 2867 f
544 2803 645 2868 uit
688 2825 863 2870 anno
927 2809 1285 2890 antequam
1348 2803 1874 2889 archiepiscopus
1935 2805 2102 2868 iram
2165 2805 2338 2890 regis
2399 2805 2616 2870 incur·
2689 2825 2696 2830 ·

508 2913 719 2985 reret3
780 2912 850 2971 et
895 2908 1071 2992 quod
1132 2906 1439 2971 omnibus
1500 2907 1740 2991 quibus
1801 2908 2088 2971 offensus
2149 2914 2294 2973 erat
2352 2914 2619 2994 propter

506 3007 1069 3093 archiepiscopum
1130 3030 1357 3092 pacem
1405 3013 1475 3073 et
1518 3028 1807 3073 amorem
1871 3009 2192 3087 redderet,
2238 3014 2306 3075 et
2367 3031 2614 3095 posses-

506 3110 767 3173 sionum
811 3130 1081 3175 suarum
1126 3109 1635 3195 plenitudinem.

599 3208 867 3289 Quarto,
915 3209 1108 3294 quod,
1156 3209 1213 3272 si
1261 3230 1521 3273 necesse
1584 3209 1795 3274 fuerit
1857 3216 1926 3273 et
1987 3210 2292 3275 dominus
2337 3232 2511 3297 papa
2555 3211 2617 3277 ei

506 3310 942 3388 mandaverit,
976 3309 1104 3374 ibit
1147 3310 1221 3373 in
1239 3308 1266 3347 ³
1310 3310 1729 3396 Hispaniam,
1778 3311 1866 3375 ad
1911 3310 2332 3379 liberandam
2370 3320 2616 3377 terram

506 3410 687 3475 illam
722 3434 763 3477 a
792 3411 1087 3498 paganis
1182 3410 1285 3496 Inj
1296 3417 1635 3476 unxerunt
1666 3412 1727 3476 ei
1758 3412 1962 3477 etiam
2009 3414 2322 3478 secretius
2358 3414 2618 3499 jejunia

507 3518 575 3577 et
636 3514 1102 3600 eleemosynae,
1152 3518 1221 3578 et
1282 3512 1415 3577 alia
1476 3514 1780 3599 quaedam
1847 3535 1994 3599 quae
2056 3515 2141 3579 ad
2203 3536 2616 3581 communem

508 3614 919 3679 audientiam
966 3636 1103 3678 non
1147 3620 1610 3699 pervenerunt.

598 3715 705 3779 Ad
748 3715 892 3780 haec
938 3716 1159 3781 omnia
1204 3737 1321 3780 rex
1367 3716 1836 3801 benignissime
1882 3738 2218 3781 assensum
2279 3720 2616 3804 praestitit,

506 3817 605 3881 ita
650 3817 826 3902 quod
858 3838 1074 3882 coram
1120 3818 1429 3882 omnibus
1476 3818 1688 3882 dixit:
1720 3826 1754 3852 “
1776 3818 1998 3892 Ecce,'’
2029 3818 2270 3903 inquit,
2303 3828 2338 3855 “
2361 3820 2615 3888 domini

506 3927 543 3953 “
586 3918 809 4005 legati,
854 3940 1089 4005 corpus
1134 3942 1355 3985 meum
1400 3920 1473 3983 in
1520 3940 1722 3984 manu
1772 3928 1992 3985 vestra
2038 3925 2140 3985 est
2157 3944 2174 3999 ;
2217 3922 2450 3987 scitote
2496 3944 2616 4007 pro

504 4029 539 4057 “
586 4026 781 4099 cet-tc,
857 4023 1035 4106 quod
1128 4022 1452 4107 quidquid
1534 4022 1889 4107 jusseritiS‚
1979 4044 2098 4087 seu
2119 4022 2148 4061 ⁴
2234 4024 2616 4109 proficiendi

503 4132 537 4160 “
585 4124 631 4189 J
634 4124 1083 4211 erosolymam,
1132 4125 1273 4189 sive
1334 4126 1632 4203 Romam,
1682 4126 1824 4189 sive
1885 4125 1972 4190 ad
2035 4124 2356 4191 Sanctum
2423 4127 2470 4191 J
2470 4148 2618 4194 aco-

502 4235 536 4261 “
582 4226 761 4304 bum,
794 4226 901 4291 vel
948 4226 1275 4312 quidquid
1320 4227 1392 4291 id
1438 4228 1545 4307 sit,
1593 4232 1866 4312 paratus
1897 4248 2044 4290 sum
2075 4228 2526 4315 obtemperare
2547 4255 2562 4293 :
2582 4226 2616 4257 ''

500 4330 600 4394 ita
646 4327 821 4413 quod
868 4327 1000 4392 fere
1046 4328 1270 4394 cuncti
1314 4330 1429 4415 qui
1476 4329 1769 4407 aderant,
1816 4328 2122 4393 videntes
2166 4328 2617 4395 humilitatem

502 4438 572 4494 et
632 4428 1053 4494 devotionem
1115 4429 1272 4513 ejuS,
1324 4430 1441 4492 vix
1503 4433 1815 4513 poterant
1874 4428 2198 4512 lacrymas
2260 4431 2616 4496 continere.

1261 4568 1578 4575 --.-—.-——
1599 4568 1636 4573 ---
1727 4567 1889 4573 -——
1922 4567 2205 4575 ---—-—-—

2406 4570 2602 4580 ————

568 4627 585 4659 ¹
628 4626 973 4687 (Ilaron-dona,
1018 4628 1103 4686 V,
1167 4626 1509 4689 clarendune,
1680 4624 1705 4658 ⁸
1735 4625 1822 4685 ad,
1844 4624 1906 4677 Ο.

502 4707 558 4756 Ζ.
1680 4705 1703 4736 ⁴
1736 4721 1806 4765 se,
1830 4704 1893 4753 V.

565 4780 587 4812 ²
620 4781 853 4843 dimittet,
878 4781 936 4831 Z.

2132 4868 2353 4932 3112
