3634 5800
935 867 1067 932 304
1801 835 2163 932 smsronffiss
2645 869 2802 952 [im.
2838 870 3033 940 1170.

923 1066 1100 1151 quod
1165 1087 1246 1131 ex
1311 1065 1712 1132 conscientia
1775 1065 2026 1150 loquor,
2090 1084 2288 1150 quem
2356 1062 2534 1129 zelus
2599 1063 2833 1128 domus
2888 1063 3034 1140 Dei,

923 1172 1002 1233 ut
1044 1169 1317 1234 alterius
1363 1187 1626 1254 parcam
1665 1167 1917 1253 judicio
1964 1165 2070 1232 vel
2118 1167 2339 1245 errori,
2394 1168 2538 1252 Jam
2604 1167 2819 1230 multo
2867 1170 3032 1231 tem-

793 1299 798 1304 ·
921 1287 1080 1356 pore
1123 1271 1283 1338 feeit
1327 1272 1627 1336 exsulare
1689 1270 2165 1356 proscriptum:
2230 1273 2301 1334 et
2344 1269 2509 1357 qui,1
2554 1273 2633 1344 ut
2700 1269 3033 1354 propriam

585 2914 729 2979 They
750 2914 881 2993 have

585 2988 674 3028 not
696 2989 884 3030 contri-

920 1372 1137 1438 fatear
1199 1372 1668 1459 insipientiam,
1715 1370 2035 1437 scandala
2096 1370 2381 1436 fratrum
2450 1369 2740 1456 patienti
2808 1370 3033 1434 animo

921 1475 1064 1540 sine
1125 1475 1433 1560 scrupulo
1508 1493 1764 1560 nequeo
1842 1473 2139 1538 tolerare.
2232 1473 2346 1536 An
2418 1492 2557 1536 non
2621 1471 2779 1538 licet
2846 1469 3029 1548 mihi,

917 1577 1284 1662 praesertim
1329 1576 1625 1662 apostolo
1671 1575 1963 1652 docente,
2026 1575 2365 1661 propriam
2430 1573 2761 1639 ustionem
2809 1572 3031 1658 deplo-

919 1697 1064 1744 rare
1138 1679 1211 1743 in
1273 1677 1646 1744 scandalis?
1767 1677 1925 1743 Non
2001 1674 2160 1743 licet
2232 1679 2713 1762 coaegrotantes
2788 1675 3029 1760 quibus

919 1779 1290 1846 coinfirmor
1351 1779 1656 1856 invitare,
1701 1784 1782 1844 ut
1832 1779 2083 1865 pariter
2129 1797 2471 1844 curramus
2514 1777 2601 1842 ad
2650 1777 3029 1842 medicum?

921 1879 1220 1948 Profecto
1293 1881 1570 1950 cuilibet
1645 1881 1969 1968 discipulo
2048 1879 2322 1958 Christi,
2398 1881 2603 1945 etiam
2640 1877 2665 1918 2
2738 1880 3027 1955 minium,

919 1983 1200 2050 liberum
1245 1991 1346 2050 est
1392 1985 1546 2071 Ipso
1591 1983 1961 2069 inspirante
2006 1981 2165 2048 dare
2234 1981 2689 2048 testimonium
2736 1981 3033 2046 veritati,

919 2105 1118 2172 quem
1165 2087 1461 2172 quisquis
1523 2105 1608 2152 ex
1672 2085 1816 2150 Deo
1876 2091 1995 2162 est,
2063 2105 2199 2150 non
2266 2085 2461 2150 modo
2524 2083 2853 2168 patienter
2916 2082 3029 2146 sed

920 2187 1224 2264 libenter,
1291 2189 1501 2254 audit.
1613 2187 1867 2252 Audite
1930 2204 2086 2272 ergo
2150 2192 2220 2252 et
2282 2207 2402 2251 vos
2446 2185 2671 2250 animo
2741 2183 3028 2270 potienti

921 2295 990 2354 et
1006 2285 1032 2328 ³
1061 2309 1260 2374 quam
1291 2311 1412 2376 ego
1450 2295 1750 2376 reputem
1781 2289 2045 2374 culpam
2064 2293 2371 2367 vestram,
2404 2287 2582 2374 quod
2614 2286 3029 2373 dispendium

919 2391 1258 2470 caritatis3
1333 2389 1510 2476 quod
1585 2409 1825 2476 quaese,
1896 2390 2013 2455 ubi
2077 2389 2481 2476 apparuerit,
2554 2387 2765 2454 nolite
2836 2388 3028 2452 vanis

917 2493 1270 2558 verborum
1339 2493 1513 2559 foliis
1580 2492 1993 2568 adumbrare,
2060 2492 2177 2557 sed
2239 2509 2435 2577 opere
2502 2491 2726 2576 potius
2792 2509 3031 2575 expur-

919 2600 1115 2681 getur
1159 2599 1226 2660 et
1275 2597 1573 2661 veritate.
1668 2594 1804 2660 Sex
1849 2594 2011 2660 anni
2056 2593 2193 2658 fere
2238 2593 2493 2658 evoluti
2540 2599 2714 2669 sunt,
2764 2611 2849 2656 ex
2896 2611 3029 2676 quo

919 2717 1038 2783 pro
1092 2695 1364 2782 justitia.
1425 2698 1833 2783 proscriptus
1850 2697 1878 2735 ⁴
1944 2696 2207 2762 exsulat
2270 2700 2460 2782 pater
2504 2701 2739 2770 vester,
2802 2693 3030 2757 multis

919 2804 991 2863 et
1050 2799 1306 2885 magnis
1349 2804 1643 2865 arctatus
1707 2797 2055 2885 augustiiS,
2122 2797 2351 2862 multis
2420 2797 2766 2881 utriusque
2834 2815 3029 2860 sexus

921 2906 990 2967 et
1035 2901 1350 2987 cujusque
1397 2902 1618 2967 vetatis
1661 2899 2098 2977 coexsulibus,
2130 2898 2384 2965 Christi
2430 2898 2681 2965 scilicet
2726 2897 3029 2983 pauperi-

925 3005 1068 3081 bus,
1143 3010 1502 3082 one1·atus;
1581 3008 1650 3067 et
1723 3002 1890 3087 quid
1963 3001 2024 3067 ei
2103 3001 2211 3067 vel
2285 2999 2825 3067 coexsulantibus
2902 2998 3027 3064 sibi

921 3110 1111 3170 tanto
1157 3111 1452 3192 tempore
1496 3104 1971 3190 impenderitis,
2003 3104 2061 3167 si
2108 3103 2270 3189 quid
2315 3101 2585 3179 tamen,⁵
2632 3122 2673 3165 a
2717 3100 3032 3164 memoria

922 3212 1145 3274 vestra
1189 3206 1484 3293 elapsum
1515 3228 1656 3272 esse
1701 3226 1837 3272 non
1882 3205 2181 3271 arbitror.
2270 3203 2407 3270 Ubi
2454 3204 2721 3269 interim
2757 3202 3029 3287 (quasso)

921 3310 1208 3374 caritas?
1269 3307 1388 3373 ubi
1433 3312 1668 3373 amor?
1738 3307 1855 3371 ubi
1901 3308 2162 3373 affectio
2208 3306 2476 3371 filialis?
2566 3304 2633 3369 N
2636 3324 2763 3381 am,
2810 3308 2888 3367 ut
2932 3304 3031 3367 ait

922 3432 1040 3498 per
1102 3430 1424 3497 organum
1494 3429 1688 3474 suum
1755 3408 2047 3495 Spiritus
2114 3411 2398 3486 sanctus,
2460 3406 2768 3494 probatio
2833 3405 3030 3470 dilec-

921 3514 1124 3579 tionis
1170 3512 1495 3578 exhibitio
1542 3518 1644 3577 est
1689 3512 1944 3597 operis3
2018 3514 2088 3575 et
2156 3508 2382 3575 eodem
2430 3513 2693 3574 constat
2760 3511 3030 3573 auctore

919 3636 1208 3682 amorem
1275 3633 1410 3680 non
1474 3634 1662 3700 posse
1732 3610 1943 3680 otiari.
2066 3608 2199 3677 Sed
2272 3610 2685 3697 praetenditis
2750 3609 3030 3695 publicae

921 3717 1272 3805 potestatis
1339 3716 1528 3794 vires
1575 3714 1941 3781 satellitum
1994 3714 2287 3790 insidias,
2332 3720 2402 3778 et
2460 3718 2713 3779 metum
2766 3713 3029 3797 justum

920 3842 1004 3885 ne
1071 3819 1284 3886 locum
1353 3816 1712 3904 perderetis
1758 3821 1828 3881 et
1889 3822 2170 3901 gentem.
2264 3814 2465 3881 Plane
2534 3834 2790 3900 mag-nze
2854 3818 3027 3890 sunt,

921 3927 990 3988 et
1034 3923 1293 3988 utinam
1339 3940 1594 4007 magnae
1639 3919 1777 3984 sint
1821 3936 2078 4005 semper
2132 3918 2203 3982 in
2266 3917 2568 3992 Domino,
2614 3916 2788 3981 vires
2834 3916 3031 4001 regiae

923 4024 1312 4113 potestatis3
1387 4024 1502 4088 sed
1574 4041 1722 4088 non·
1783 4024 1991 4087 tantae
2067 4026 2147 4084 ut
2219 4039 2446 4085 omnes
2521 4023 2775 4083 vestras
2852 4017 3031 4083 cohi—

923 4128 1158 4193 berent
1173 4124 1200 4163 ⁰
1245 4125 1590 4211 impensas,
1658 4144 1824 4208 quas
1884 4122 2001 4187 ubi
2048 4121 2287 4207 saepius
2347 4120 2623 4186 fecerint
2668 4120 2784 4204 qui
2848 4125 3030 4205 pote-

921 4234 1093 4307 rant,
1125 4226 1422 4314 quisquis
1467 4223 1849 4301 diffiteatur,
1879 4224 2126 4289 veritas
2170 4223 2378 4299 novit,
2412 4227 2482 4287 et
2526 4221 2799 4287 felte-sse
2830 4222 3031 4288 etiam

921 4336 1081 4397 ante
1127 4330 1304 4395 diem
1347 4327 1618 4396 Domini
1650 4326 2065 4412 quandoque,
2096 4324 2330 4391 saltem
2362 4344 2481 4409 pro
2528 4328 2734 4410 parte,
2782 4324 3033 4388 revela-

1226 4607 1288 4656 L.
2098 4602 2119 4634 ⁴
2146 4602 2485 4666 proscriptus,
2510 4601 2573 4663 Ο,
2598 4601 2679 4662 G;
2714 4614 2813 4651 om.
2838 4602 2898 4651 L.

1075 4694 1094 4735 t
1135 4685 1195 4743 Z,
1217 4684 1296 4743 133
1331 4682 1503 4745 etiam,
1526 4682 1592 4733 G.
2094 4682 2115 4712 ὅ
2153 4686 2334 4741 tamen,
2356 4676 2412 4739 Z,
2437 4674 2513 4738 L;
2548 4685 2753 4740 tantum,
2779 4678 2843 4729 G.

993 4764 1014 4797 ³
1050 4770 1111 4824 et,
1136 4764 1194 4823 Z,
1217 4760 1294 4822 123
1333 4776 1433 4812 om.
1459 4760 1526 4812 G.
1965 4802 1972 4812 ,
2094 4759 2114 4790 ⁶
2148 4758 2412 4817 cohiberet,
2436 4756 2501 4818 O,
2524 4757 2593 4808 V.
