3634 5800
608 2408 676 2457 In
699 2406 873 2457 behalf

609 2473 669 2523 of
675 2473 764 2524 the
774 2475 920 2525 areh-

606 2540 793 2605 bishop
814 2542 871 2592 of

610 2606 772 2657 York.

938 854 1069 917 494
1820 866 2178 918 EPISTOLAE.
2660 851 2820 935 [Am.
2857 849 3046 918 1171.

935 1050 1297 1116 novissima
1341 1052 1703 1116 senectutis
1750 1072 1892 1115 suae
1936 1050 2013 1114 in
2045 1049 2064 1086 ¹
2113 1071 2396 1135 moerore
2439 1049 2643 1115 faciat
2687 1056 2758 1115 et
2801 1052 3041 1117 amari-

936 1150 1171 1217 tudine
1200 1150 1695 1217 consummare.2
1777 1150 2078 1217 Profecto
2110 1172 2330 1237 preces
2374 1152 2561 1217 nulla
2604 1172 2725 1217 nos
2770 1152 3046 1219 audacia

938 1254 1359 1340 compulisset
1402 1252 1649 1331 offerre,
1695 1253 1826 1317 nisi
1869 1253 2232 1319 secundum
2292 1275 2512 1320 rerum
2557 1254 2913 1320 veritatem
2973 1259 3045 1320 et

937 1377 1229 1442 personae
1273 1356 1585 1422 meritum
1630 1356 1853 1441 ipsum
1881 1355 2246 1441 apostolica
2275 1355 2554 1443 dignum
2593 1357 3046 1423 misericordia

939 1459 1369 1523 crederemus.

1835 1808 2156 1875 DOOLX.

986 1972 1375 2037 ARNULrus
1420 1972 1898 2037 Laxovmnsls
1945 1987 2320 2037 EPISOOPUS
2363 1988 2460 2035 An
2505 1971 2552 2036 J
2553 1986 2843 2037 omnm
2891 1987 2976 2034 m

1526 2073 1979 2139 Wlnnnmnm
2025 2088 2482 2139 CARDINALES.

1683 2230 2059 2315 ·(Arnu1f‚5⁷;
2095 2232 2147 2282 J.
2173 2235 2282 2294 46.)

1034 2374 1181 2456 Qua
1222 2375 1373 2453 fide,
1417 2394 1553 2460 quo
1598 2374 1841 2452 studio,
1887 2396 2018 2460 quo
2087 2374 2327 2441 affectu
2391 2375 2566 2441 circa
2624 2375 2823 2441 initia
2877 2380 3050 2441 ten-

940 2478 1219 2564 pestatis
1310 2477 1507 2542 istius
1592 2477 1680 2541 ad
1774 2476 2112 2541 unitatem
2151 2519 2160 2531 ·
2199 2475 2488 2541 ecclesiae
2577 2482 2648 2541 et
2733 2476 3050 2541 honorem

941 2579 1225 2647 Romani
1313 2578 1647 2666 pontificis
1741 2578 2050 2645 dominus
2145 2577 2572 2644 Eboracensis
2670 2578 3054 2655 intenderit,

942 2688 1183 2761 vestra,
1232 2682 1351 2767 qui
1396 2703 1482 2747 ex
1551 2700 1796 2766 magna
1864 2684 2053 2766 parte
2096 2678 2380 2747 audistis
2425 2686 2494 2745 et
2553 2680 2835 2759 vidistis,
2896 2701 3052 2766 pru-

942 2785 1175 2849 dentia
1232 2806 1369 2849 non
1435 2784 1719 2871 ignorat.
1833 2781 2086 2847 Meruit
2129 2783 2551 2848 excedentem
2612 2784 2896 2869 gratiam
2941 2803 3057 2848 ex-

942 2885 1183 2954 cedens
1228 2884 1485 2952 strenui
1545 2883 2052 2972 propagnatoris
2098 2883 2394 2962 audacia,
2441 2884 2704 2971 sibique
2765 2884 3053 2952 invicem

946 2988 1401 3073 frequentibus
1464 2985 1693 3053 officiis
1760 2989 1902 3051 tam
1970 3005 2242 3071 operum
2301 2986 2793 3072 magnificentia
2852 3007 3053 3072 quam

956 3111 1177 3157 rerum
1252 3087 1714 3154 munificentia
1790 3091 2284 3153 concurrerunt.
2397 3087 2846 3154 Praesumebat
2919 3109 3055 3152 non

946 3191 1331 3258 defuturam
1375 3190 1663 3277 gratiam
1722 3189 2237 3275 perseverantia>
2297 3189 2703 3268 meritorum,
2747 3190 2865 3255 sed
2905 3191 3052 3276 jam

946 3293 1253 3380 pristina,
1326 3291 1903 3378 perseverantibus
1947 3291 2222 3368 meritis,
2267 3292 2485 3377 gratia
2550 3313 2686 3358 non
2751 3291 3054 3378 refulget,

947 3417 1179 3462 verum
1225 3395 1298 3459 in
1342 3415 1611 3480 poenam
1656 3413 1917 3479 quoque
1961 3413 2275 3459 conversa
2319 3399 2420 3459 est
2449 3393 2742 3480 ipsorum
2789 3415 3057 3480 exspec-

947 3498 1119 3574 tatio
1186 3497 1620 3583 praemiorum.
1713 3495 2101 3560 Perseverat
2167 3500 2391 3560 tamen
2459 3517 2730 3582 semper,
2793 3502 2864 3562 et
2905 3496 3058 3562 aliis

947 3598 1435 3685 tepescentibus
1502 3595 1711 3681 ipsius
1778 3595 2048 3661 devotio
2117 3617 2258 3660 non
2303 3598 2600 3682 tepescit,
2665 3598 2824 3682 quia
2867 3597 3056 3663 videt

947 3707 1161 3768 totam
1204 3701 1500 3766 nondum
1528 3697 1982 3784 conquievisse
2024 3699 2364 3777 malitiam,
2393 3704 2466 3765 et
2507 3700 2595 3766 ab
2638 3698 2744 3764 his
2774 3721 3057 3786 quorum

951 3803 1115 3870 fides
1160 3801 1601 3868 invictissima
1646 3800 2042 3867 credebatur
2074 3801 2374 3886 profana·
2399 3802 2689 3880 consilia,
2733 3805 3056 3888 percussis

952 3906 1155 3970 etiam
1186 3904 1563 3980 foederibus,
1608 3902 1866 3989 agitari.
1947 3902 2234 3969 Utinam
2277 3905 2364 3972 ad
2409 3905 2720 3970 notitiam
2767 3903 3058 3970 Romani

952 4006 1284 4092 pontificis
1359 4012 1429 4070 et
1504 4009 1794 4070 vestram
1891 4004 2214 4070 relatione
2289 4006 2586 4071 veridica
2659 4007 3055 4091 perveniret,

955 4113 1283 4194 quantum
1376 4106 1641 4171 noviter
1716 4106 1898 4191 apud
1991 4107 2356 4193 principem
2446 4112 2761 4185 nostrum,
2837 4129 3060 4194 regem

955 4212 1191 4296 loquor
1210 4207 1236 4247 ³
1287 4209 1673 4296 Anglorum‚
1704 4206 2016 4273 catholici
2062 4208 2415 4274 sacerdotis
2458 4208 2788 4276 industria
2830 4217 3061 4276 saneta

955 4314 1251 4400 profecit,
1298 4335 1447 4378 oum
1492 4334 1643 4377 eum
1690 4310 1941 4376 scilicet
2001 4311 2087 4376 ad
2129 4311 2414 4378 schisma
2457 4313 2731 4377 maximi
2799 4334 3058 4399 quoque

955 4417 1332 4504 principum
1378 4414 1765 4489 invitarent,
1811 4413 2160 4499 ipsumque
2203 4420 2422 4480 metus
2465 4415 2842 4480 severitatis
2871 4437 3060 4502 apos-

954 4519 1175 4584 tolicae
1219 4521 1628 4604 perterreret.

1021 4719 1037 4750 ¹
1073 4734 1174 4768 om.
1198 4720 1257 4768 Β.
2117 4717 2138 4749 ³
2174 4715 2364 4780 loquor,
2388 4717 2458 4778 ὃς
2493 4732 2592 4768 om.
2619 4719 2684 4768 G.

1020 4797 1042 4828 ²
1076 4796 1425 4855 consummari,
1446 4797 1509 4846 Β.
