3634 5800
706 917 835 969 Aa).
874 901 1093 986 1169]
1574 915 1930 964 Ems‘roLAE.
2687 895 2816 969 177

712 1103 895 1168 nitus
940 1109 1399 1192 praeparatum.
1494 1103 1724 1171 Nescit
1754 1103 1934 1170 enim
1979 1102 2284 1188 impietas
2317 1121 2448 1188 quo
2479 1123 2547 1168 se
2578 1105 2813 1177 vertat,

712 1210 782 1270 et
810 1227 1082 1293 semper,
1115 1211 1194 1271 ut
1222 1206 1325 1272 sui
1370 1205 1737 1292 perhibent,
1771 1205 1977 1272 habet
2021 1209 2178 1270 ante
2209 1203 2430 1270 oculos
2472 1202 2815 1268 dominum

714 1307 1177 1385 Senonensem,
1242 1311 1311 1374 et
1376 1306 1590 1376 filium
1650 1308 1886 1393 gratiss
1935 1306 2348 1374 Gratianum.
2471 1305 2580 1372 Ad
2625 1304 2814 1390 cujus

713 1408 991 1494 gloriam
1051 1410 1414 1497 plurimum
1476 1409 1739 1494 proficit
1791 1429 1977 1476 mora
2022 1430 2222 1494 quam
2266 1409 2424 1474 fecit
2469 1406 2814 1482 'VivianuS,

715 1510 833 1596 qui
876 1533 1053 1578 nunc
1100 1512 1371 1578 tandem
1416 1511 1601 1577 dolos
1646 1521 1961 1598 expertus
2016 1515 2119 1576 est
2163 1509 2468 1587 illusoris,
2512 1513 2582 1576 et
2625 1508 2816 1574 mali-

714 1613 881 1678 tiam
928 1614 1089 1700 ejus,
1134 1619 1204 1679 et
1256 1612 1529 1680 fraudes
1570 1613 1791 1678 varias
1853 1633 1990 1678 non
2035 1611 2300 1678 destitit
2345 1611 2526 1697 apud
2569 1632 2690 1676 nos
2743 1609 2816 1674 in

715 1716 1020 1802 compitis
1054 1715 1457 1802 .praedicare.
1570 1715 1761 1795 Quod
1827 1737 1978 1781 cum
2047 1715 2120 1780 in
2183 1714 2454 1782 ecclesia
2520 1714 2818 1780 Romana
2843 1726 3130 1778 Direetions

716 1820 965 1899 fecerit,
1012 1819 1069 1884 si
1114 1832 1335 1884 tamen
1383 1817 1546 1884 fides
1592 1817 1664 1881 in
1710 1817 1976 1882 homine
2023 1823 2139 1895 est,
2189 1817 2392 1882 etiam
2439 1817 2819 1882 testimonio
2842 1796 3087 1925 ἓζὲζιὼθ

718 1922 859 2006 ejus
904 1921 1190 2007 amplius
1226 1919 1710 2006 justificabitur
1748 1919 2053 1984 dominus
2085 1919 2444 1984 Gratianus
2490 1920 2561 1982 in
2609 1918 2818 2004 operi·
2844 1937 3008 1978 court.

720 2026 843 2088 bus
902 2023 1057 2089 suis.
1182 2022 1319 2088 Vos
1382 2028 1625 2098 autem,
1674 2026 1743 2087 et
1806 2045 1925 2108 per
1986 2043 2105 2088 vos
2170 2029 2239 2086 et
2301 2044 2418 2108 per
2479 2022 2819 2086 dominum

719 2127 764 2192 J
765 2123 1139 2200 acinetum,¹
1187 2125 1519 2192 elaborate
1563 2130 1655 2204 ut,
1698 2126 2058 2190 secundum
2100 2125 2277 2210 quod
2317 2125 2640 2210 promisit,
2669 2145 2818 2190 con-

720 2227 895 2293 futet
938 2228 1215 2294 nuncios
1260 2227 1549 2292 illusoris
1594 2227 1746 2307 sui3
1808 2231 1877 2292 et
1921 2227 1981 2291 si
2043 2226 2166 2293 hoc
2209 2226 2438 2294 fecerit
2482 2231 2552 2292 et
2603 2225 2820 2292 vobis-

722 2352 869 2398 cum
919 2330 1205 2396 fideliter
1265 2329 1724 2406 ambulaverit,
1779 2328 2038 2396 litteras
2103 2351 2268 2416 quas
2313 2350 2432 2416 pro
2479 2351 2556 2394 eo
2597 2330 2824 2395 scribi-

719 2457 867 2500 mus
942 2433 1295 2520 porrigatis
1371 2432 1637 2498 domino
1706 2454 1910 2518 papae,
1977 2433 2178 2518 quia,²
2223 2433 2396 2500 sicut
2463 2454 2582 2519 pro
2646 2437 2823 2498 certo

722 2536 1093 2612 didicimuS,
1141 2556 1318 2600 nunc
1371 2535 1442 2598 in
1506 2555 1764 2601 recessu
1827 2555 2044 2621 regem
2105 2535 2400 2621 perfidiae
2445 2541 2824 2604 constanter

720 2639 961 2725 arguit,
1008 2643 1077 2703 et
1122 2637 1383 2713 famam,
1428 2657 1627 2720 quam
1674 2635 1857 2722 prius
1902 2636 2175 2714 laeserat,
2219 2660 2303 2702 ex
2350 2659 2592 2722 magna
2636 2643 2824 2722 parte

720 2740 1017 2806 redemit.
1140 2739 1214 2804 Si
1260 2759 1417 2804 vero
1466 2739 1752 2803 voluerit
1814 2739 2072 2824 ingredi
2119 2739 2376 2804 duabus
2424 2739 2552 2804 viis
2617 2738 2826 2824 (quod

722 2850 949 2910 tamen
994 2863 1129 2909 non
1192 2840 1534 2919 credimus,
1582 2840 1739 2927 quia
1785 2840 2132 2927 pecuniam
2180 2841 2426 2907 dicitur
2471 2840 2825 2927 respuisse)

724 2950 795 3013 et
838 2946 1096 3011 litteras
1126 2942 1491 3021 retineati5‚
1524 2946 1594 3008 et
1640 2964 1723 3007 ne
1769 2962 2000 3008 nocere
2031 2942 2252 3007 valeat
2283 2948 2494 3009 estote
2541 2941 2825 3008 solliciti.

724 3047 1269 3115 Sollicitaverunt
1320 3066 1440 3111 nos
1486 3046 1757 3131 quidam
1821 3066 1904 3109 ex
1953 3045 2354 3111 conscientia
2397 3051 2468 3111 et
2513 3046 2827 3112 mandato

725 3150 899 3237 regis
945 3154 1026 3215 ut
1068 3149 1152 3215 ad
1198 3149 1415 3235 ipsum
1463 3149 1533 3212 in
1582 3148 1647 3211 N
1652 3148 2064 3213 ormanniam
2119 3149 2648 3234 proficiscamur3
2707 3170 2830 3216 nee

724 3252 850 3318 hoc
880 3252 1320 3318 detrectamus
1338 3249 1365 3289 ⁸
1409 3249 1681 3335 implere
1725 3250 1784 3315 si
1823 3250 2015 3315 nobis
2059 3250 2132 3315 in
2165 3251 2448 3317 confinio
2485 3256 2828 3329 terrarum,

726 3361 805 3420 ut
848 3353 1243 3440 promissum
1286 3358 1405 3430 est,
1444 3352 1849 3419 occurrerint
1890 3353 2006 3439 qui
2051 3352 2244 3421 nobis
2289 3360 2359 3419 et
2403 3355 2648 3421 nostris
2693 3354 2828 3421 suf-

728 3456 958 3523 ficiant
1016 3461 1328 3541 praestare
1390 3454 1828 3521 securitatem.
1950 3454 2084 3519 Vos
2149 3460 2374 3521 autem
2443 3457 2688 3523 instate
2751 3460 2832 3522 ut

730 3557 1035 3622 dominus
1096 3576 1268 3641 papa
1331 3554 1634 3620 inhibeat
1693 3576 1777 3619 ne
1839 3576 2101 3631 novam,
2167 3562 2237 3621 et
2282 3564 2520 3643 praeter
2581 3580 2830 3625 morem

729 3661 1015 3728 ecclesiae
1048 3659 1407 3727 Gallicanae
1452 3664 1523 3725 et
1552 3660 1957 3746 Anglicanae,
1999 3666 2388 3746 praestemus
2419 3664 2792 3729 cautionem
2818 3688 2833 3743 ;

729 3785 813 3829 ne
886 3786 929 3829 a
1002 3762 1219 3828 forma
1279 3783 1475 3847 quam
1546 3763 1687 3848 regi
1756 3764 2072 3849 scriptam
2141 3764 2444 3831 misimus
2527 3767 2833 3833 dominus

732 3888 904 3953 papa
948 3865 1245 3943 recedat3
1292 3868 1371 3929 ut
1412 3868 1665 3949 partem
1714 3865 2179 3931 condecentem
2225 3868 2598 3934 ablatorum
2643 3868 2836 3935 nobis

731 3968 993 4035 restitui
1042 3967 1422 4054 praecipiam
1466 3971 1548 4033 ut
1590 3971 1838 4032 terreat
1885 3990 2104 4054 regem
2151 3977 2336 4037 metu
2382 3972 2721 4039 interdicti
2765 3974 2837 4037 in
2861 3974 2985 4023 s

734 4070 927 4136 terris
974 4068 1388 4147 cismarinis;
1434 4074 1514 4133 ut
1560 4070 1699 4155 regi
1745 4069 2114 4156 Anglorum
2161 4072 2548 4159 diligentius
2595 4077 2840 4143 scribat

734 4178 1063 4259 quatenus
1105 4190 1227 4235 nos
1256 4169 1537 4257 recipiat
1582 4172 1653 4234 in
1684 4172 1906 4237 osculo
1938 4176 2154 4258 pacis3
2199 4181 2269 4241 et
2305 4177 2544 4261 jubeat
2587 4181 2659 4243 in
2689 4179 2840 4244 aliis

735 4275 977 4339 litteris
1038 4279 1117 4337 ut
1178 4278 1386 4337 terras
1446 4272 1724 4355 ablatas,
1772 4295 1936 4359 quas
1997 4278 2643 4361 praenominavimus,
2697 4282 2840 4347 sine

736 4376 977 4461 quibus
1030 4395 1165 4462 pax
1210 4396 1349 4440 esse
1394 4396 1529 4441 non
1589 4380 1829 4461 potest,
1878 4378 2166 4444 ecclesiae
2215 4378 2678 4447 Cantuariensi
2740 4405 2841 4449 re-

736 4474 998 4545 stituat.
1135 4477 1308 4543 Item
1384 4478 1734 4564 prohibeat
1809 4502 1894 4545 ne
1962 4480 2268 4566 aliquem,
2337 4482 2469 4547 nisi
2545 4488 2846 4571 praestito

812 4741 826 4773 ¹
860 4738 1213 4805 Hyacinthum,
1239 4740 1308 4793 L.
1905 4745 1926 4779 ³
1961 4744 2316 4809 detractamus,
2341 4748 2404 4799 A.

809 4820 829 4851 '-'
864 4819 1003 4883 quia,
1027 4819 1098 4879 A,
1124 4820 1169 4871 Ο
1192 4842 1205 4879 ;
1241 4830 1307 4883 et,
1330 4820 1388 4883 Z,
1410 4824 1471 4872 L.

921 4914 953 4948 o
980 4902 1157 4950 12478.
2525 4928 2580 4977 Μ
