3634 5800
597 913 725 961 ΑΛ).
774 899 984 980 1.](3υ.]
1468 910 1825 956 ffl‘ls‘mLAE.
2607 899 2691 957 43

593 1101 879 1166 bendam
923 1121 1007 1164 ex
1056 1099 1455 1186 professione
1500 1101 1813 1165 astrictus
1862 1104 1980 1176 est,
2029 1099 2202 1186 regis
2270 1100 2376 1164 sui
2423 1099 2694 1172 viribus,

594 1202 833 1286 quaerit
895 1206 1203 1280 evertere,
1247 1201 1538 1287 glorians
1599 1201 1773 1285 quod
1822 1200 2202 1266 cathedram
2265 1201 2697 1287 archiepisco-

594 1303 813 1388 palem
880 1302 1291 1368 Londoniam
1316 1299 1337 1338 ¹
1402 1302 1750 1369 transferri
1813 1301 2030 1369 faciet.
2149 1301 2568 1368 Restiterunt
2637 1300 2697 1365 ci

594 1427 809 1491 nuper
850 1405 937 1469 in
1020 1404 1255 1470 faciem
1340 1399 1768 1470 laudabiliter
1845 1404 2088 1470 fratres
2156 1405 2278 1481 sui,
2341 1426 2504 1491 quos
2580 1426 2700 1488 per

594 1503 898 1572 officiales
961 1506 1134 1592 regis
1199 1505 1621 1591 impudenter
1667 1506 1946 1592 urgebat
1991 1511 2068 1570 ut
2129 1506 2189 1570 ei
2259 1507 2696 1571 communica-

593 1612 761 1683 rent,
822 1613 891 1672 et
935 1607 1427 1695 archiepiscopo
1471 1629 1592 1672 suo
1658 1606 1952 1674 debita-m
2018 1607 2488 1673 subtraherent
2547 1608 2697 1673 obe-

515 1745 521 1756 ·
593 1709 932 1775 clientiam.
1025 1709 1267 1775 Nonne
1322 1708 1717 1774 manifestus
1780 1708 2186 1774 Antichristi
2250 1709 2698 1794 praeambulus

594 1816 709 1887 cst,
742 1811 857 1896 qui
906 1817 1045 1877 tam
1078 1817 1386 1897 patenter
1414 1809 1710 1876 scindere
1756 1809 2002 1874 nititur
2031 1809 2362 1876 unitatem
2394 1811 2698 1888 ecclesiae,

594 1912 877 1977 seminat
922 1911 1099 1977 inter
1160 1913 1397 1979 fratres
1468 1910 1882 1987 discordiam,
1927 1912 2238 1978 scandala
2281 1911 2699 1999 multiplicat,

592 2015 926 2080 ecclesiam
994 2021 1278 2100 torquet,
1326 2021 1395 2080 et
1462 2018 1905 2100 tyrannorum
1974 2013 2282 2078 manibus
2345 2014 2699 2101 proscribit

592 2120 662 2180 et
704 2116 1023 2183 interficit
1069 2119 1499 2184 innocentes?
1560 2115 1633 2180 Si
1656 2114 1681 2153 ²
1726 2116 1956 2179 unitas
2003 2117 2084 2179 de
2131 2114 2456 2182 catholica
2503 2117 2700 2186 tolla-

593 2222 706 2282 tur
751 2219 1033 2298 ecclesia,
1083 2219 1233 2304 quis
1277 2224 1398 2284 aut
1442 2218 1602 2304 quid
1649 2215 1957 2302 prohibet
1999 2216 2280 2282 haereses
2325 2218 2700 2304 pullulare?

595 2320 759 2400 Quis
804 2321 935 2385 erit
979 2322 1228 2389 unitati
1274 2322 1471 2400 locus,
1520 2321 1576 2384 si
1624 2341 1758 2385 non
1796 2321 2008 2384 virtus
2055 2318 2448 2386 obedientiae
2493 2343 2695 2386 mem-

592 2421 710 2486 bra
764 2421 1013 2487 Christi
1080 2422 1509 2509 conglutinet,
1555 2427 1624 2486 et
1691 2423 1932 2487 caritas
1983 2421 2475 2498 „adalterutrum
2543 2445 2693 2488 con-

592 2523 831 2588 solidet
877 2522 951 2586 in
995 2521 1126 2587 fide
1172 2527 1241 2588 et
1286 2523 1617 2588 veritate?
1704 2524 1898 2609 Ergo,
1944 2527 2134 2608 pater
2181 2523 2448 2608 optime,
2495 2524 2654 2608 quia
2673 2523 2698 2563 ³

591 2623 1099 2709 comprehensus
1164 2630 1267 2690 est
1336 2625 1406 2688 in
1483 2625 1790 2709 operibus
1868 2645 2187 2691 manuum
2265 2627 2551 2704 suarum,
2631 2632 2699 2691 et

592 2726 875 2791 toxicati
920 2726 1191 2803 fructus,
1223 2746 1387 2817 quos
1431 2725 1595 2791 facit
1638 2726 1835 2791 arbor
1881 2726 2134 2803 infelix,
2185 2725 2468 2793 securim
2515 2725 2697 2792 Petri

590 2834 971 2915 provocant,
998 2827 1173 2892 hanc
1216 2829 1293 2905 ei,
1342 2826 1399 2891 si
1445 2826 1678 2913 placet,
1723 2827 2239 2893 misericordiam
2304 2828 2588 2907 faciatiS,
2620 2833 2700 2893 ut

592 2933 880 2997 contrita
900 2930 1165 2997 malitia
1209 2931 1370 3017 edne,
1403 2938 1474 2995 et
1517 2932 1805 3019 episcopi
1839 2932 2058 2997 deleto
2077 2932 2101 2970 ⁴
2135 2932 2354 3011 titulo,
2381 2934 2694 3019 quoniam

593 3033 824 3100 bestiae
871 3034 1315 3100 characterem
1337 3038 1581 3119 portat,
1614 3033 1696 3099 de
1741 3039 1983 3100 caetero
2031 3055 2261 3099 nocere
2307 3056 2444 3100 non
2475 3036 2701 3121 possit,

592 3136 707 3201 sed
754 3136 1167 3213 monachum,
1215 3157 1413 3221 quem
1458 3141 1645 3201 veste
1690 3136 2026 3221 pollicitus
2071 3140 2192 3211 est,
2239 3141 2514 3223 cogatur
2558 3159 2699 3202 mo-

590 3237 775 3303 ribus
822 3238 1151 3303 exhibere.
1233 3236 1413 3303 Satis
1460 3242 1529 3303 et
1572 3236 1752 3303 ultra
1796 3237 2122 3303 sustinuit
2168 3238 2478 3303 dominus
2526 3238 2700 3305 Oan-

590 3340 963 3416 tuariensis,
1072 3338 1181 3405 cui
1254 3338 1386 3404 nisi
1472 3340 1543 3403 in
1618 3338 1890 3405 brachio
1965 3339 2242 3405 virtutis
2319 3340 2700 3426 apostolicae

590 3465 815 3529 pacem
864 3448 934 3507 et
1000 3440 1425 3508 securitatem
1490 3441 1832 3507 reformari
1898 3441 2214 3521 feceritis,
2261 3448 2331 3507 et
2391 3443 2700 3509 satisfieri

591 3546 673 3611 de
717 3545 979 3623 ablatis„
1023 3543 1398 3609 timendum
1446 3549 1548 3609 est
1590 3566 1675 3610 ne
1739 3544 2014 3611 ecclesia
2072 3546 2409 3629 jacturam
2454 3546 2700 3633 irrepa-

592 3646 886 3715 rabilem
934 3646 1067 3712 cito
1130 3646 1499 3724 contrahat,
1568 3651 1637 3712 ct
1705 3650 1848 3712 tam
1916 3669 2206 3733 praesens
2273 3654 2434 3714 aetas
2498 3669 2698 3733 quam

588 3749 945 3835 posteritas
1006 3749 1093 3815 ad
1162 3748 1500 3815 ecclesiam
1566 3750 2032 3815 conterendam
2105 3750 2473 3839 pernicioso
2550 3773 2697 3837 pro-

594 3858 867 3917 vocetur
909 3856 981 3916 et
1008 3850 1347 3916 animetur
1392 3850 1713 3938 exemplo,
1792 3852 2034 3919 Valeat
2063 3858 2135 3919 et
2166 3852 2396 3940 vigeat
2441 3874 2698 3939 semper

590 3954 911 4021 sanctitas
957 3957 1199 4019 vestra.
1298 3992 1303 3996 ·

1059 4104 2251 4114 mmm—m
2264 4108 2352 4113 ----

1032 4180 1089 4230 Z.
1755 4180 1776 4211 ³
1811 4180 1946 4242 qnia,
1973 4182 2040 4241 A,
2072 4182 2151 4241 O;
2187 4183 2436 4245 quonium,
2459 4183 2514 4243 Z,
2539 4184 2599 4232 L.

1034 4256 1155 4319 Sed,
1176 4259 1237 4307 L.
1756 4260 1775 4289 Ἰ
1811 4258 2014 4322 deiecto,
2037 4260 2097 4309 L.

658 4179 673 4212 ¹
710 4178 991 4229 Loudonioe

716 4260 796 4319 Si,
818 4260 891 4320 A,

992 4216 1008 4241 ,

916 4260 995 4317 Ο;

656 4258 677 4293 ‘a'
