<?xml version="1.0" encoding="UTF-8"?>
<!DOCTYPE html PUBLIC "-//W3C//DTD XHTML 1.0 Transitional//EN"
    "http://www.w3.org/TR/xhtml1/DTD/xhtml1-transitional.dtd">
<html xmlns="http://www.w3.org/1999/xhtml" xml:lang="en" lang="en">
 <head>
  <title>
</title>
<meta http-equiv="Content-Type" content="text/html;charset=utf-8" />
  <meta name='ocr-system' content='tesseract 3.04.00' />
  <meta name='ocr-capabilities' content='ocr_page ocr_carea ocr_par ocr_line ocrx_word'/>
</head>
<body>
  <div class='ocr_page' id='page_1' title='image "./materialsforhis00herbgoog_0203.png"; bbox 0 0 3634 5800; ppageno 0'>
   <div class='ocr_carea' id='block_1_1' title="bbox 847 899 2963 988">
    <p class='ocr_par' dir='ltr' id='par_1_1' title="bbox 847 899 2963 988">
     <span class='ocr_line' id='line_1_1' title="bbox 847 899 2963 988; baseline -0.001 -17"><span class='ocrx_word' id='word_1_1' title='bbox 847 903 932 973; x_wconf 83' lang='lat'><strong>17</strong></span> <span class='ocrx_word' id='word_1_2' title='bbox 937 906 978 968; x_wconf 91' lang='lat'>8</span> <span class='ocrx_word' id='word_1_3' title='bbox 1725 919 2084 969; x_wconf 66' lang='lat' dir='ltr'><strong>amsi-omn.</strong></span> <span class='ocrx_word' id='word_1_4' title='bbox 2579 902 2735 988; x_wconf 52' lang='lat' dir='ltr'><strong>[an.</strong></span> <span class='ocrx_word' id='word_1_5' title='bbox 2772 899 2963 968; x_wconf 85' lang='lat'>1169.</span> 
     </span>
    </p>
   </div>
   <div class='ocr_carea' id='block_1_2' title="bbox 510 1107 2957 4559">
    <p class='ocr_par' dir='ltr' id='par_1_2' title="bbox 510 1107 2957 4559">
     <span class='ocr_line' id='line_1_2' title="bbox 847 1107 2957 1197; baseline -0.002 -21"><span class='ocrx_word' id='word_1_6' title='bbox 847 1109 1210 1176; x_wconf 89' lang='lat' dir='ltr'><strong>secundum</strong></span> <span class='ocrx_word' id='word_1_7' title='bbox 1273 1129 1522 1177; x_wconf 85' lang='lat' dir='ltr'><strong>morem</strong></span> <span class='ocrx_word' id='word_1_8' title='bbox 1589 1114 1660 1175; x_wconf 88' lang='lat' dir='ltr'><strong>et</strong></span> <span class='ocrx_word' id='word_1_9' title='bbox 1720 1109 2001 1175; x_wconf 88' lang='lat' dir='ltr'><strong>formam</strong></span> <span class='ocrx_word' id='word_1_10' title='bbox 2064 1109 2353 1176; x_wconf 79' lang='lat' dir='ltr'><strong>ecclesiae</strong></span> <span class='ocrx_word' id='word_1_11' title='bbox 2411 1110 2812 1197; x_wconf 87' lang='lat' dir='ltr'><strong>jurament0‚</strong></span> <span class='ocrx_word' id='word_1_12' title='bbox 2871 1107 2957 1174; x_wconf 93' lang='lat' dir='ltr'><strong>ab</strong></span> 
     </span>
     <span class='ocr_line' id='line_1_3' title="bbox 847 1211 2956 1298; baseline 0 -22"><span class='ocrx_word' id='word_1_13' title='bbox 847 1213 1295 1278; x_wconf 86' lang='lat' dir='ltr'><strong>anathematis</strong></span> <span class='ocrx_word' id='word_1_14' title='bbox 1359 1211 1628 1278; x_wconf 87' lang='lat' dir='ltr'><strong>vinculo</strong></span> <span class='ocrx_word' id='word_1_15' title='bbox 1689 1233 2167 1298; x_wconf 70' lang='lat' dir='ltr'><strong>praesumamus</strong></span> <span class='ocrx_word' id='word_1_16' title='bbox 2225 1213 2590 1290; x_wconf 86' lang='lat' dir='ltr'><strong>absolvere,</strong></span> <span class='ocrx_word' id='word_1_17' title='bbox 2642 1212 2956 1298; x_wconf 88' lang='lat' dir='ltr'><strong>quoniam</strong></span> 
     </span>
     <span class='ocr_line' id='line_1_4' title="bbox 845 1313 2953 1400; baseline -0 -23"><span class='ocrx_word' id='word_1_18' title='bbox 845 1314 1025 1380; x_wconf 87' lang='lat' dir='ltr'><strong>inter</strong></span> <span class='ocrx_word' id='word_1_19' title='bbox 1063 1314 1222 1400; x_wconf 88' lang='lat' dir='ltr'><strong>jura</strong></span> <span class='ocrx_word' id='word_1_20' title='bbox 1265 1313 1837 1391; x_wconf 74' lang='lat' dir='ltr'><strong>consuetudinum,</strong></span> <span class='ocrx_word' id='word_1_21' title='bbox 1882 1336 2046 1400; x_wconf 88' lang='lat' dir='ltr'><strong>quas</strong></span> <span class='ocrx_word' id='word_1_22' title='bbox 2092 1314 2401 1380; x_wconf 74' lang='lat' dir='ltr'><strong>vendicat</strong></span> <span class='ocrx_word' id='word_1_23' title='bbox 2446 1319 2677 1381; x_wconf 86' lang='lat' dir='ltr'><strong>contra</strong></span> <span class='ocrx_word' id='word_1_24' title='bbox 2718 1313 2953 1390; x_wconf 90' lang='lat' dir='ltr'><strong>Deum,</strong></span> 
     </span>
     <span class='ocr_line' id='line_1_5' title="bbox 813 1416 2955 1503; baseline -0 -22"><span class='ocrx_word' id='word_1_25' title='bbox 813 1449 820 1459; x_wconf 93' lang='lat'><strong>·</strong></span> <span class='ocrx_word' id='word_1_26' title='bbox 849 1419 908 1481; x_wconf 91' lang='lat' dir='ltr'><strong>si</strong></span> <span class='ocrx_word' id='word_1_27' title='bbox 937 1417 1246 1483; x_wconf 88' lang='lat' dir='ltr'><strong>credatur</strong></span> <span class='ocrx_word' id='word_1_28' title='bbox 1276 1417 1583 1503; x_wconf 62' lang='lat' dir='ltr'><strong>expertia</strong></span> <span class='ocrx_word' id='word_1_29' title='bbox 1614 1416 1962 1482; x_wconf 83' lang='lat' dir='ltr'><strong>manifeste</strong></span> <span class='ocrx_word' id='word_1_30' title='bbox 2010 1421 2436 1503; x_wconf 70' lang='lat' dir='ltr'><strong>cognoscetur</strong></span> <span class='ocrx_word' id='word_1_31' title='bbox 2479 1417 2607 1483; x_wconf 90' lang='lat' dir='ltr'><strong>hoc</strong></span> <span class='ocrx_word' id='word_1_32' title='bbox 2650 1417 2785 1481; x_wconf 84' lang='lat' dir='ltr'><strong>fere</strong></span> <span class='ocrx_word' id='word_1_33' title='bbox 2816 1436 2955 1480; x_wconf 89' lang='lat' dir='ltr'><strong>esse</strong></span> 
     </span>
     <span class='ocr_line' id='line_1_6' title="bbox 850 1517 2955 1606; baseline -0.001 -23"><span class='ocrx_word' id='word_1_34' title='bbox 850 1519 1515 1606; x_wconf 81' lang='lat' dir='ltr'><strong>perniciosissimum3</strong></span> <span class='ocrx_word' id='word_1_35' title='bbox 1576 1519 1646 1582; x_wconf 93' lang='lat' dir='ltr'><strong>in</strong></span> <span class='ocrx_word' id='word_1_36' title='bbox 1693 1540 1826 1604; x_wconf 92' lang='lat' dir='ltr'><strong>quo</strong></span> <span class='ocrx_word' id='word_1_37' title='bbox 1872 1519 1931 1583; x_wconf 87' lang='lat' dir='ltr'><strong>si</strong></span> <span class='ocrx_word' id='word_1_38' title='bbox 1976 1540 2018 1585; x_wconf 87' lang='lat' dir='ltr'><strong>a</strong></span> <span class='ocrx_word' id='word_1_39' title='bbox 2062 1519 2579 1604; x_wconf 64' lang='lat' dir='ltr'><strong>praesumptione</strong></span> <span class='ocrx_word' id='word_1_40' title='bbox 2624 1539 2746 1583; x_wconf 89' lang='lat' dir='ltr'><strong>sua</strong></span> <span class='ocrx_word' id='word_1_41' title='bbox 2792 1517 2955 1584; x_wconf 87' lang='lat' dir='ltr'><strong>ceci-</strong></span> 
     </span>
     <span class='ocr_line' id='line_1_7' title="bbox 853 1615 2947 1708; baseline -0.001 -23"><span class='ocrx_word' id='word_1_42' title='bbox 853 1621 1044 1698; x_wconf 85' lang='lat' dir='ltr'><strong>derit,</strong></span> <span class='ocrx_word' id='word_1_43' title='bbox 1097 1615 1232 1686; x_wconf 77' lang='lat' dir='ltr'><strong>hon</strong></span> <span class='ocrx_word' id='word_1_44' title='bbox 1293 1642 1690 1707; x_wconf 80' lang='lat' dir='ltr'><strong>magnopere</strong></span> <span class='ocrx_word' id='word_1_45' title='bbox 1749 1621 1864 1706; x_wconf 90' lang='lat' dir='ltr'><strong>(ut</strong></span> <span class='ocrx_word' id='word_1_46' title='bbox 1923 1619 2309 1708; x_wconf 85' lang='lat' dir='ltr'><strong>speramus),</strong></span> <span class='ocrx_word' id='word_1_47' title='bbox 2354 1642 2438 1686; x_wconf 90' lang='lat' dir='ltr'><strong>ne</strong></span> <span class='ocrx_word' id='word_1_48' title='bbox 2498 1621 2741 1706; x_wconf 76' lang='lat' dir='ltr'><strong>saepius</strong></span> <span class='ocrx_word' id='word_1_49' title='bbox 2801 1639 2947 1686; x_wconf 91' lang='lat' dir='ltr'><strong>con·</strong></span> 
     </span>
     <span class='ocr_line' id='line_1_8' title="bbox 850 1722 2957 1808; baseline -0 -22"><span class='ocrx_word' id='word_1_50' title='bbox 850 1723 1194 1800; x_wconf 83' lang='lat' dir='ltr'><strong>fundatur,</strong></span> <span class='ocrx_word' id='word_1_51' title='bbox 1233 1723 1498 1788; x_wconf 84' lang='lat' dir='ltr'><strong>insistet</strong></span> <span class='ocrx_word' id='word_1_52' title='bbox 1515 1722 1539 1761; x_wconf 84' lang='lat'>¹</span> <span class='ocrx_word' id='word_1_53' title='bbox 1585 1723 1855 1789; x_wconf 74' lang='lat' dir='ltr'><strong>caeteris.</strong></span> <span class='ocrx_word' id='word_1_54' title='bbox 1946 1722 2055 1787; x_wconf 87' lang='lat' dir='ltr'><strong>Ad</strong></span> <span class='ocrx_word' id='word_1_55' title='bbox 2100 1722 2262 1800; x_wconf 82' lang='lat' dir='ltr'><strong>haec,</strong></span> <span class='ocrx_word' id='word_1_56' title='bbox 2308 1727 2387 1788; x_wconf 90' lang='lat' dir='ltr'><strong>ut</strong></span> <span class='ocrx_word' id='word_1_57' title='bbox 2431 1722 2737 1787; x_wconf 87' lang='lat' dir='ltr'><strong>dominus</strong></span> <span class='ocrx_word' id='word_1_58' title='bbox 2782 1741 2957 1808; x_wconf 88' lang='lat' dir='ltr'><strong>papa</strong></span> 
     </span>
     <span class='ocr_line' id='line_1_9' title="bbox 853 1824 2954 1913; baseline -0.001 -22"><span class='ocrx_word' id='word_1_59' title='bbox 853 1824 1422 1891; x_wconf 84' lang='lat' dir='ltr'><strong>Christianissimo</strong></span> <span class='ocrx_word' id='word_1_60' title='bbox 1506 1827 1645 1913; x_wconf 87' lang='lat' dir='ltr'><strong>regi</strong></span> <span class='ocrx_word' id='word_1_61' title='bbox 1720 1826 1804 1890; x_wconf 91' lang='lat' dir='ltr'><strong>de</strong></span> <span class='ocrx_word' id='word_1_62' title='bbox 1881 1825 2327 1891; x_wconf 77' lang='lat' dir='ltr'><strong>consolatione</strong></span> <span class='ocrx_word' id='word_1_63' title='bbox 2370 1829 2631 1890; x_wconf 83' lang='lat' dir='ltr'><strong>&#39;nostra</strong></span> <span class='ocrx_word' id='word_1_64' title='bbox 2706 1824 2954 1910; x_wconf 86' lang='lat' dir='ltr'><strong>gratias</strong></span> 
     </span>
     <span class='ocr_line' id='line_1_10' title="bbox 851 1927 2953 2012; baseline -0.001 -20"><span class='ocrx_word' id='word_1_65' title='bbox 851 1949 1070 2012; x_wconf 77' lang='lat' dir='ltr'><strong>agene,</strong></span> <span class='ocrx_word' id='word_1_66' title='bbox 1117 1927 1363 1992; x_wconf 89' lang='lat' dir='ltr'><strong>scribat</strong></span> <span class='ocrx_word' id='word_1_67' title='bbox 1406 1927 1892 1993; x_wconf 81' lang='lat' dir='ltr'><strong>exhortatorias</strong></span> <span class='ocrx_word' id='word_1_68' title='bbox 1957 1933 2027 1993; x_wconf 89' lang='lat' dir='ltr'><strong>et</strong></span> <span class='ocrx_word' id='word_1_69' title='bbox 2071 1927 2517 2004; x_wconf 74' lang='lat' dir='ltr'><strong>animatorias,</strong></span> <span class='ocrx_word' id='word_1_70' title='bbox 2555 1927 2953 1991; x_wconf 73' lang='lat' dir='ltr'><strong>interserens</strong></span> 
     </span>
     <span class='ocr_line' id='line_1_11' title="bbox 853 2028 2953 2115; baseline 0 -23"><span class='ocrx_word' id='word_1_71' title='bbox 853 2029 923 2092; x_wconf 91' lang='lat' dir='ltr'><strong>in</strong></span> <span class='ocrx_word' id='word_1_72' title='bbox 987 2030 1083 2094; x_wconf 89' lang='lat' dir='ltr'><strong>eis</strong></span> <span class='ocrx_word' id='word_1_73' title='bbox 1152 2033 1476 2114; x_wconf 89' lang='lat' dir='ltr'><strong>quantum</strong></span> <span class='ocrx_word' id='word_1_74' title='bbox 1541 2030 1792 2096; x_wconf 88' lang='lat' dir='ltr'><strong>crimen</strong></span> <span class='ocrx_word' id='word_1_75' title='bbox 1862 2029 1953 2094; x_wconf 91' lang='lat' dir='ltr'><strong>sit</strong></span> <span class='ocrx_word' id='word_1_76' title='bbox 2015 2029 2359 2115; x_wconf 88' lang='lat' dir='ltr'><strong>sacrilegii,</strong></span> <span class='ocrx_word' id='word_1_77' title='bbox 2424 2029 2711 2095; x_wconf 77' lang='lat' dir='ltr'><strong>ecclesiae</strong></span> <span class='ocrx_word' id='word_1_78' title='bbox 2777 2028 2953 2092; x_wconf 90' lang='lat' dir='ltr'><strong>bona</strong></span> 
     </span>
     <span class='ocr_line' id='line_1_12' title="bbox 853 2130 2951 2218; baseline 0 -23"><span class='ocrx_word' id='word_1_79' title='bbox 853 2131 1156 2218; x_wconf 86' lang='lat' dir='ltr'><strong>diripere,</strong></span> <span class='ocrx_word' id='word_1_80' title='bbox 1221 2137 1291 2198; x_wconf 87' lang='lat' dir='ltr'><strong>et</strong></span> <span class='ocrx_word' id='word_1_81' title='bbox 1357 2132 1498 2198; x_wconf 85' lang='lat' dir='ltr'><strong>sine</strong></span> <span class='ocrx_word' id='word_1_82' title='bbox 1568 2133 1758 2218; x_wconf 87' lang='lat' dir='ltr'><strong>justa</strong></span> <span class='ocrx_word' id='word_1_83' title='bbox 1832 2153 2031 2196; x_wconf 85' lang='lat' dir='ltr'><strong>causa</strong></span> <span class='ocrx_word' id='word_1_84' title='bbox 2104 2153 2416 2217; x_wconf 83' lang='lat' dir='ltr'><strong>personas</strong></span> <span class='ocrx_word' id='word_1_85' title='bbox 2484 2130 2951 2196; x_wconf 85' lang='lat' dir='ltr'><strong>ecclesiasticas</strong></span> 
     </span>
     <span class='ocr_line' id='line_1_13' title="bbox 854 2230 2953 2318; baseline -0.002 -19"><span class='ocrx_word' id='word_1_86' title='bbox 854 2234 1205 2318; x_wconf 74' lang='lat' dir='ltr'><strong>exquisitis</strong></span> <span class='ocrx_word' id='word_1_87' title='bbox 1269 2234 1716 2300; x_wconf 82' lang='lat' dir='ltr'><strong>occasionibus</strong></span> <span class='ocrx_word' id='word_1_88' title='bbox 1781 2233 2087 2298; x_wconf 85' lang='lat' dir='ltr'><strong>fraudare</strong></span> <span class='ocrx_word' id='word_1_89' title='bbox 2148 2233 2338 2298; x_wconf 90' lang='lat' dir='ltr'><strong>bonis</strong></span> <span class='ocrx_word' id='word_1_90' title='bbox 2398 2234 2579 2312; x_wconf 84' lang='lat' dir='ltr'><strong>suis3</strong></span> <span class='ocrx_word' id='word_1_91' title='bbox 2646 2238 2717 2298; x_wconf 88' lang='lat' dir='ltr'><strong>et</strong></span> <span class='ocrx_word' id='word_1_92' title='bbox 2776 2230 2953 2316; x_wconf 88' lang='lat' dir='ltr'><strong>quod</strong></span> 
     </span>
     <span class='ocr_line' id='line_1_14' title="bbox 855 2333 2949 2421; baseline -0.003 -20"><span class='ocrx_word' id='word_1_93' title='bbox 855 2341 1198 2421; x_wconf 87' lang='lat' dir='ltr'><strong>peceatum</strong></span> <span class='ocrx_word' id='word_1_94' title='bbox 1259 2336 1402 2400; x_wconf 92' lang='lat' dir='ltr'><strong>sine</strong></span> <span class='ocrx_word' id='word_1_95' title='bbox 1465 2336 1861 2421; x_wconf 88' lang='lat' dir='ltr'><strong>poenitentia</strong></span> <span class='ocrx_word' id='word_1_96' title='bbox 1924 2341 1993 2400; x_wconf 90' lang='lat' dir='ltr'><strong>et</strong></span> <span class='ocrx_word' id='word_1_97' title='bbox 2055 2335 2523 2413; x_wconf 83' lang='lat' dir='ltr'><strong>satisfactione,</strong></span> <span class='ocrx_word' id='word_1_98' title='bbox 2584 2333 2949 2420; x_wconf 82' lang='lat' dir='ltr'><strong>praesertim</strong></span> 
     </span>
     <span class='ocr_line' id='line_1_15' title="bbox 851 2435 2953 2525; baseline -0.001 -22"><span class='ocrx_word' id='word_1_99' title='bbox 851 2459 1002 2503; x_wconf 90' lang='lat' dir='ltr'><strong>cum</strong></span> <span class='ocrx_word' id='word_1_100' title='bbox 1047 2444 1311 2525; x_wconf 89' lang='lat' dir='ltr'><strong>tempus</strong></span> <span class='ocrx_word' id='word_1_101' title='bbox 1356 2437 1546 2504; x_wconf 84' lang='lat' dir='ltr'><strong>adest</strong></span> <span class='ocrx_word' id='word_1_102' title='bbox 1588 2445 1659 2503; x_wconf 87' lang='lat' dir='ltr'><strong>et</strong></span> <span class='ocrx_word' id='word_1_103' title='bbox 1702 2459 1921 2503; x_wconf 90' lang='lat' dir='ltr'><strong>rerum</strong></span> <span class='ocrx_word' id='word_1_104' title='bbox 1969 2438 2158 2523; x_wconf 90' lang='lat' dir='ltr'><strong>copia</strong></span> <span class='ocrx_word' id='word_1_105' title='bbox 2202 2438 2514 2523; x_wconf 87' lang='lat' dir='ltr'><strong>suppetit,</strong></span> <span class='ocrx_word' id='word_1_106' title='bbox 2548 2457 2683 2502; x_wconf 90' lang='lat' dir='ltr'><strong>non</strong></span> <span class='ocrx_word' id='word_1_107' title='bbox 2728 2435 2953 2500; x_wconf 90' lang='lat' dir='ltr'><strong>dimit-</strong></span> 
     </span>
     <span class='ocr_line' id='line_1_16' title="bbox 519 2537 2950 2626; baseline -0.001 -22"><span class='ocrx_word' id='word_1_108' title='bbox 519 2537 576 2586; x_wconf 84' lang='lat' dir='ltr'><strong>P.</strong></span> <span class='ocrx_word' id='word_1_109' title='bbox 605 2541 714 2588; x_wconf 81' lang='lat'><strong>15⁶·</strong></span> <span class='ocrx_word' id='word_1_110' title='bbox 855 2537 1062 2604; x_wconf 88' lang='lat' dir='ltr'><strong>titur:</strong></span> <span class='ocrx_word' id='word_1_111' title='bbox 1128 2541 1440 2625; x_wconf 90' lang='lat' dir='ltr'><strong>quoniam</strong></span> <span class='ocrx_word' id='word_1_112' title='bbox 1500 2540 1557 2604; x_wconf 91' lang='lat' dir='ltr'><strong>si</strong></span> <span class='ocrx_word' id='word_1_113' title='bbox 1619 2561 1723 2604; x_wconf 86' lang='lat' dir='ltr'><strong>res</strong></span> <span class='ocrx_word' id='word_1_114' title='bbox 1782 2538 2026 2615; x_wconf 87' lang='lat' dir='ltr'><strong>ablata,</strong></span> <span class='ocrx_word' id='word_1_115' title='bbox 2073 2561 2222 2604; x_wconf 90' lang='lat' dir='ltr'><strong>cum</strong></span> <span class='ocrx_word' id='word_1_116' title='bbox 2282 2538 2471 2604; x_wconf 88' lang='lat' dir='ltr'><strong>reddi</strong></span> <span class='ocrx_word' id='word_1_117' title='bbox 2527 2538 2755 2626; x_wconf 88' lang='lat' dir='ltr'><strong>possit,</strong></span> <span class='ocrx_word' id='word_1_118' title='bbox 2814 2559 2950 2602; x_wconf 91' lang='lat' dir='ltr'><strong>non</strong></span> 
     </span>
     <span class='ocr_line' id='line_1_17' title="bbox 851 2641 2949 2728; baseline -0 -23"><span class='ocrx_word' id='word_1_119' title='bbox 851 2642 1168 2719; x_wconf 87' lang='lat' dir='ltr'><strong>redditur,</strong></span> <span class='ocrx_word' id='word_1_120' title='bbox 1216 2641 1636 2728; x_wconf 81' lang='lat' dir='ltr'><strong>phantastica</strong></span> <span class='ocrx_word' id='word_1_121' title='bbox 1680 2642 2081 2728; x_wconf 86' lang='lat' dir='ltr'><strong>poenitentia</strong></span> <span class='ocrx_word' id='word_1_122' title='bbox 2126 2647 2227 2706; x_wconf 90' lang='lat' dir='ltr'><strong>est</strong></span> <span class='ocrx_word' id='word_1_123' title='bbox 2290 2645 2359 2706; x_wconf 84' lang='lat' dir='ltr'><strong>et</strong></span> <span class='ocrx_word' id='word_1_124' title='bbox 2418 2661 2553 2705; x_wconf 88' lang='lat' dir='ltr'><strong>non</strong></span> <span class='ocrx_word' id='word_1_125' title='bbox 2600 2661 2756 2705; x_wconf 89' lang='lat' dir='ltr'><strong>vera</strong></span> <span class='ocrx_word' id='word_1_126' title='bbox 2801 2661 2949 2724; x_wconf 83' lang='lat' dir='ltr'><strong>quae</strong></span> 
     </span>
     <span class='ocr_line' id='line_1_18' title="bbox 853 2742 2945 2830; baseline -0.001 -23"><span class='ocrx_word' id='word_1_127' title='bbox 853 2743 1156 2830; x_wconf 89' lang='lat' dir='ltr'><strong>proficiat</strong></span> <span class='ocrx_word' id='word_1_128' title='bbox 1239 2744 1325 2808; x_wconf 89' lang='lat' dir='ltr'><strong>ad</strong></span> <span class='ocrx_word' id='word_1_129' title='bbox 1405 2742 1706 2820; x_wconf 86' lang='lat' dir='ltr'><strong>salutem,</strong></span> <span class='ocrx_word' id='word_1_130' title='bbox 1783 2743 1899 2807; x_wconf 90' lang='lat' dir='ltr'><strong>sed</strong></span> <span class='ocrx_word' id='word_1_131' title='bbox 1974 2742 2349 2808; x_wconf 89' lang='lat' dir='ltr'><strong>accumulat</strong></span> <span class='ocrx_word' id='word_1_132' title='bbox 2438 2743 2945 2808; x_wconf 83' lang='lat' dir='ltr'><strong>damnationem.</strong></span> 
     </span>
     <span class='ocr_line' id='line_1_19' title="bbox 849 2843 2949 2932; baseline -0.001 -21"><span class='ocrx_word' id='word_1_133' title='bbox 849 2845 1184 2912; x_wconf 87' lang='lat' dir='ltr'><strong>Mittimus</strong></span> <span class='ocrx_word' id='word_1_134' title='bbox 1216 2846 1404 2912; x_wconf 89' lang='lat' dir='ltr'><strong>vobis</strong></span> <span class='ocrx_word' id='word_1_135' title='bbox 1449 2845 1835 2932; x_wconf 86' lang='lat' dir='ltr'><strong>petitionem</strong></span> <span class='ocrx_word' id='word_1_136' title='bbox 1871 2865 2070 2930; x_wconf 91' lang='lat' dir='ltr'><strong>quam</strong></span> <span class='ocrx_word' id='word_1_137' title='bbox 2121 2843 2527 2931; x_wconf 85' lang='lat' dir='ltr'><strong>porreximus</strong></span> <span class='ocrx_word' id='word_1_138' title='bbox 2558 2844 2715 2931; x_wconf 87' lang='lat' dir='ltr'><strong>regi,</strong></span> <span class='ocrx_word' id='word_1_139' title='bbox 2746 2865 2787 2909; x_wconf 88' lang='lat' dir='ltr'><strong>a</strong></span> <span class='ocrx_word' id='word_1_140' title='bbox 2816 2865 2949 2930; x_wconf 88' lang='lat' dir='ltr'><strong>qua</strong></span> 
     </span>
     <span class='ocr_line' id='line_1_20' title="bbox 847 2944 2951 3032; baseline -0.002 -19"><span class='ocrx_word' id='word_1_141' title='bbox 847 2948 1034 3013; x_wconf 86' lang='lat' dir='ltr'><strong>nullo</strong></span> <span class='ocrx_word' id='word_1_142' title='bbox 1079 2948 1274 3013; x_wconf 86' lang='lat' dir='ltr'><strong>modo</strong></span> <span class='ocrx_word' id='word_1_143' title='bbox 1334 2948 1671 3024; x_wconf 88' lang='lat' dir='ltr'><strong>recedatis,</strong></span> <span class='ocrx_word' id='word_1_144' title='bbox 1717 2948 1849 3012; x_wconf 91' lang='lat' dir='ltr'><strong>nisi</strong></span> <span class='ocrx_word' id='word_1_145' title='bbox 1904 2946 2169 3032; x_wconf 86' lang='lat' dir='ltr'><strong>possitis</strong></span> <span class='ocrx_word' id='word_1_146' title='bbox 2192 2944 2217 2983; x_wconf 80' lang='lat'>²</span> <span class='ocrx_word' id='word_1_147' title='bbox 2264 2946 2604 3011; x_wconf 86' lang='lat' dir='ltr'><strong>meliorare</strong></span> <span class='ocrx_word' id='word_1_148' title='bbox 2651 2967 2951 3026; x_wconf 82' lang='lat' dir='ltr'><strong>causam3</strong></span> 
     </span>
     <span class='ocr_line' id='line_1_21' title="bbox 848 3048 2949 3134; baseline -0.001 -19"><span class='ocrx_word' id='word_1_149' title='bbox 848 3055 917 3115; x_wconf 90' lang='lat' dir='ltr'><strong>et</strong></span> <span class='ocrx_word' id='word_1_150' title='bbox 963 3049 1222 3115; x_wconf 88' lang='lat' dir='ltr'><strong>litteras</strong></span> <span class='ocrx_word' id='word_1_151' title='bbox 1267 3070 1431 3134; x_wconf 87' lang='lat' dir='ltr'><strong>quas</strong></span> <span class='ocrx_word' id='word_1_152' title='bbox 1485 3049 1784 3113; x_wconf 89' lang='lat' dir='ltr'><strong>misimus</strong></span> <span class='ocrx_word' id='word_1_153' title='bbox 1813 3049 2133 3134; x_wconf 88' lang='lat' dir='ltr'><strong>magistro</strong></span> <span class='ocrx_word' id='word_1_154' title='bbox 2180 3048 2485 3125; x_wconf 85' lang='lat' dir='ltr'><strong>Viviano,</strong></span> <span class='ocrx_word' id='word_1_155' title='bbox 2516 3053 2584 3112; x_wconf 89' lang='lat' dir='ltr'><strong>et</strong></span> <span class='ocrx_word' id='word_1_156' title='bbox 2630 3068 2793 3133; x_wconf 85' lang='lat' dir='ltr'><strong>quas</strong></span> <span class='ocrx_word' id='word_1_157' title='bbox 2839 3048 2949 3113; x_wconf 89' lang='lat' dir='ltr'><strong>ille</strong></span> 
     </span>
     <span class='ocr_line' id='line_1_22' title="bbox 848 3148 2951 3237; baseline -0.001 -20"><span class='ocrx_word' id='word_1_158' title='bbox 848 3156 958 3237; x_wconf 92' lang='lat' dir='ltr'><strong>(ut</strong></span> <span class='ocrx_word' id='word_1_159' title='bbox 1011 3151 1410 3237; x_wconf 88' lang='lat' dir='ltr'><strong>accepimus)</strong></span> <span class='ocrx_word' id='word_1_160' title='bbox 1455 3152 1642 3215; x_wconf 88' lang='lat' dir='ltr'><strong>misit</strong></span> <span class='ocrx_word' id='word_1_161' title='bbox 1695 3150 2065 3232; x_wconf 79' lang='lat' dir='ltr'><strong>Anglorum</strong></span> <span class='ocrx_word' id='word_1_162' title='bbox 2130 3150 2306 3237; x_wconf 88' lang='lat' dir='ltr'><strong>regi3</strong></span> <span class='ocrx_word' id='word_1_163' title='bbox 2354 3172 2485 3236; x_wconf 92' lang='lat' dir='ltr'><strong>quo</strong></span> <span class='ocrx_word' id='word_1_164' title='bbox 2533 3148 2801 3236; x_wconf 90' lang='lat' dir='ltr'><strong>plenius</strong></span> <span class='ocrx_word' id='word_1_165' title='bbox 2850 3150 2951 3214; x_wconf 90' lang='lat' dir='ltr'><strong>in·-</strong></span> 
     </span>
     <span class='ocr_line' id='line_1_23' title="bbox 845 3252 2947 3339; baseline -0.001 -20"><span class='ocrx_word' id='word_1_166' title='bbox 845 3254 1081 3319; x_wconf 83' lang='lat' dir='ltr'><strong>structi</strong></span> <span class='ocrx_word' id='word_1_167' title='bbox 1134 3254 1477 3339; x_wconf 87' lang='lat' dir='ltr'><strong>negotium</strong></span> <span class='ocrx_word' id='word_1_168' title='bbox 1540 3252 1827 3318; x_wconf 79' lang='lat' dir='ltr'><strong>ecclesiae</strong></span> <span class='ocrx_word' id='word_1_169' title='bbox 1892 3252 2158 3338; x_wconf 83' lang='lat' dir='ltr'><strong>possitis</strong></span> <span class='ocrx_word' id='word_1_170' title='bbox 2224 3252 2627 3317; x_wconf 86' lang='lat' dir='ltr'><strong>commodius</strong></span> <span class='ocrx_word' id='word_1_171' title='bbox 2689 3272 2947 3336; x_wconf 89' lang='lat' dir='ltr'><strong>promo-</strong></span> 
     </span>
     <span class='ocr_line' id='line_1_24' title="bbox 510 3354 2945 3487; baseline -0.002 -66"><span class='ocrx_word' id='word_1_172' title='bbox 510 3356 752 3487; x_wconf 34' lang='lat' dir='ltr'><strong>3²3ss&amp;</strong></span> <span class='ocrx_word' id='word_1_173' title='bbox 847 3378 1021 3421; x_wconf 79' lang='lat' dir='ltr'><strong>vere.</strong></span> <span class='ocrx_word' id='word_1_174' title='bbox 1115 3355 1189 3420; x_wconf 85' lang='lat' dir='ltr'><strong>Si</strong></span> <span class='ocrx_word' id='word_1_175' title='bbox 1219 3354 1632 3441; x_wconf 86' lang='lat' dir='ltr'><strong>garrulorum</strong></span> <span class='ocrx_word' id='word_1_176' title='bbox 1679 3354 2012 3439; x_wconf 89' lang='lat' dir='ltr'><strong>quispiam</strong></span> <span class='ocrx_word' id='word_1_177' title='bbox 2058 3358 2420 3439; x_wconf 75' lang='lat' dir='ltr'><strong>praesumat</strong></span> <span class='ocrx_word' id='word_1_178' title='bbox 2463 3374 2737 3439; x_wconf 87' lang='lat' dir='ltr'><strong>arguere</strong></span> <span class='ocrx_word' id='word_1_179' title='bbox 2770 3354 2945 3439; x_wconf 90' lang='lat' dir='ltr'><strong>quod</strong></span> 
     </span>
     <span class='ocr_line' id='line_1_25' title="bbox 846 3556 2945 3647; baseline -0.003 -22"><span class='ocrx_word' id='word_1_180' title='bbox 846 3561 1044 3647; x_wconf 78' lang='lat' dir='ltr'><strong>paciS‚</strong></span> <span class='ocrx_word' id='word_1_181' title='bbox 1105 3559 1437 3625; x_wconf 86' lang='lat' dir='ltr'><strong>Robcrtus</strong></span> <span class='ocrx_word' id='word_1_182' title='bbox 1497 3558 1579 3622; x_wconf 89' lang='lat' dir='ltr'><strong>de</strong></span> <span class='ocrx_word' id='word_1_183' title='bbox 1644 3556 1910 3621; x_wconf 87' lang='lat' dir='ltr'><strong>Silliaco</strong></span> <span class='ocrx_word' id='word_1_184' title='bbox 1984 3557 2214 3621; x_wconf 86' lang='lat' dir='ltr'><strong>redeat</strong></span> <span class='ocrx_word' id='word_1_185' title='bbox 2284 3556 2357 3620; x_wconf 89' lang='lat' dir='ltr'><strong>in</strong></span> <span class='ocrx_word' id='word_1_186' title='bbox 2420 3560 2711 3621; x_wconf 89' lang='lat' dir='ltr'><strong>mentem</strong></span> <span class='ocrx_word' id='word_1_187' title='bbox 2786 3556 2945 3641; x_wconf 87' lang='lat' dir='ltr'><strong>ejus,</strong></span> 
     </span>
     <span class='ocr_line' id='line_1_26' title="bbox 845 3657 2944 3748; baseline -0.003 -21"><span class='ocrx_word' id='word_1_188' title='bbox 845 3684 1041 3748; x_wconf 87' lang='lat' dir='ltr'><strong>quem</strong></span> <span class='ocrx_word' id='word_1_189' title='bbox 1087 3682 1208 3727; x_wconf 89' lang='lat' dir='ltr'><strong>nec</strong></span> <span class='ocrx_word' id='word_1_190' title='bbox 1253 3660 1434 3745; x_wconf 82' lang='lat' dir='ltr'><strong>pacis</strong></span> <span class='ocrx_word' id='word_1_191' title='bbox 1481 3659 1774 3725; x_wconf 88' lang='lat' dir='ltr'><strong>osculum</strong></span> <span class='ocrx_word' id='word_1_192' title='bbox 1823 3658 2085 3745; x_wconf 86' lang='lat' dir='ltr'><strong>publice</strong></span> <span class='ocrx_word' id='word_1_193' title='bbox 2131 3659 2384 3736; x_wconf 90' lang='lat' dir='ltr'><strong>datum,</strong></span> <span class='ocrx_word' id='word_1_194' title='bbox 2430 3680 2551 3723; x_wconf 91' lang='lat' dir='ltr'><strong>nec</strong></span> <span class='ocrx_word' id='word_1_195' title='bbox 2596 3657 2761 3723; x_wconf 84' lang='lat' dir='ltr'><strong>fides</strong></span> <span class='ocrx_word' id='word_1_196' title='bbox 2804 3679 2944 3723; x_wconf 91' lang='lat' dir='ltr'><strong>cor-</strong></span> 
     </span>
     <span class='ocr_line' id='line_1_27' title="bbox 843 3758 2946 3851; baseline -0.002 -21"><span class='ocrx_word' id='word_1_197' title='bbox 843 3764 1159 3851; x_wconf 85' lang='lat' dir='ltr'><strong>poraliter</strong></span> <span class='ocrx_word' id='word_1_198' title='bbox 1201 3764 1340 3849; x_wconf 91' lang='lat' dir='ltr'><strong>regi</strong></span> <span class='ocrx_word' id='word_1_199' title='bbox 1387 3762 1789 3827; x_wconf 81' lang='lat' dir='ltr'><strong>Francorum</strong></span> <span class='ocrx_word' id='word_1_200' title='bbox 1809 3758 1837 3799; x_wconf 75' lang='lat'>³</span> <span class='ocrx_word' id='word_1_201' title='bbox 1880 3760 2195 3847; x_wconf 76' lang='lat' dir='ltr'><strong>praestita,</strong></span> <span class='ocrx_word' id='word_1_202' title='bbox 2227 3760 2384 3826; x_wconf 87' lang='lat' dir='ltr'><strong>fecit</strong></span> <span class='ocrx_word' id='word_1_203' title='bbox 2426 3782 2563 3826; x_wconf 88' lang='lat' dir='ltr'><strong>esse</strong></span> <span class='ocrx_word' id='word_1_204' title='bbox 2610 3782 2946 3841; x_wconf 84' lang='lat' dir='ltr'><strong>securum3</strong></span> 
     </span>
     <span class='ocr_line' id='line_1_28' title="bbox 843 3860 2946 3950; baseline -0.001 -21"><span class='ocrx_word' id='word_1_205' title='bbox 843 3870 1219 3950; x_wconf 74' lang='lat' dir='ltr'><strong>nostraeque</strong></span> <span class='ocrx_word' id='word_1_206' title='bbox 1281 3862 1571 3943; x_wconf 73' lang='lat' dir='ltr'><strong>cautelae,</strong></span> <span class='ocrx_word' id='word_1_207' title='bbox 1618 3861 1751 3926; x_wconf 82' lang='lat' dir='ltr'><strong>nisi</strong></span> <span class='ocrx_word' id='word_1_208' title='bbox 1811 3861 2091 3926; x_wconf 86' lang='lat' dir='ltr'><strong>rationis</strong></span> <span class='ocrx_word' id='word_1_209' title='bbox 2152 3882 2389 3948; x_wconf 88' lang='lat' dir='ltr'><strong>expers</strong></span> <span class='ocrx_word' id='word_1_210' title='bbox 2447 3862 2538 3926; x_wconf 91' lang='lat' dir='ltr'><strong>sit</strong></span> <span class='ocrx_word' id='word_1_211' title='bbox 2582 3860 2695 3939; x_wconf 89' lang='lat' dir='ltr'><strong>(ut</strong></span> <span class='ocrx_word' id='word_1_212' title='bbox 2738 3862 2946 3928; x_wconf 88' lang='lat' dir='ltr'><strong>credi-</strong></span> 
     </span>
     <span class='ocr_line' id='line_1_29' title="bbox 841 3962 2943 4051; baseline -0.001 -20"><span class='ocrx_word' id='word_1_213' title='bbox 841 3967 1037 4051; x_wconf 89' lang='lat' dir='ltr'><strong>mus),</strong></span> <span class='ocrx_word' id='word_1_214' title='bbox 1071 3964 1250 4031; x_wconf 87' lang='lat' dir='ltr'><strong>illico</strong></span> <span class='ocrx_word' id='word_1_215' title='bbox 1279 3964 1545 4029; x_wconf 84' lang='lat' dir='ltr'><strong>veniam</strong></span> <span class='ocrx_word' id='word_1_216' title='bbox 1592 3962 1795 4028; x_wconf 84' lang='lat' dir='ltr'><strong>dabit.</strong></span> <span class='ocrx_word' id='word_1_217' title='bbox 1891 3962 2032 4027; x_wconf 92' lang='lat' dir='ltr'><strong>Nos</strong></span> <span class='ocrx_word' id='word_1_218' title='bbox 2078 3967 2148 4027; x_wconf 91' lang='lat' dir='ltr'><strong>et</strong></span> <span class='ocrx_word' id='word_1_219' title='bbox 2176 3976 2295 4030; x_wconf 73' lang='lat' dir='ltr'><strong>vos</strong></span> <span class='ocrx_word' id='word_1_220' title='bbox 2326 3962 2574 4048; x_wconf 88' lang='lat' dir='ltr'><strong>dirigat</strong></span> <span class='ocrx_word' id='word_1_221' title='bbox 2618 3962 2943 4029; x_wconf 89' lang='lat' dir='ltr'><strong>Dominus</strong></span> 
     </span>
     <span class='ocr_line' id='line_1_30' title="bbox 840 4064 2948 4151; baseline -0.001 -19"><span class='ocrx_word' id='word_1_222' title='bbox 840 4075 922 4132; x_wconf 89' lang='lat' dir='ltr'><strong>ut</strong></span> <span class='ocrx_word' id='word_1_223' title='bbox 965 4068 1283 4133; x_wconf 88' lang='lat' dir='ltr'><strong>faciamus</strong></span> <span class='ocrx_word' id='word_1_224' title='bbox 1327 4065 1399 4130; x_wconf 88' lang='lat' dir='ltr'><strong>in</strong></span> <span class='ocrx_word' id='word_1_225' title='bbox 1444 4064 1752 4129; x_wconf 89' lang='lat' dir='ltr'><strong>omnibus</strong></span> <span class='ocrx_word' id='word_1_226' title='bbox 1799 4064 2021 4150; x_wconf 86' lang='lat' dir='ltr'><strong>Ipsius</strong></span> <span class='ocrx_word' id='word_1_227' title='bbox 2052 4064 2482 4142; x_wconf 88' lang='lat' dir='ltr'><strong>voluntatem,</strong></span> <span class='ocrx_word' id='word_1_228' title='bbox 2513 4071 2598 4141; x_wconf 90' lang='lat' dir='ltr'><strong>et,</strong></span> <span class='ocrx_word' id='word_1_229' title='bbox 2644 4066 2785 4131; x_wconf 84' lang='lat' dir='ltr'><strong>sive</strong></span> <span class='ocrx_word' id='word_1_230' title='bbox 2830 4088 2948 4151; x_wconf 90' lang='lat' dir='ltr'><strong>per</strong></span> 
     </span>
     <span class='ocr_line' id='line_1_31' title="bbox 839 4166 2942 4257; baseline -0.001 -22"><span class='ocrx_word' id='word_1_231' title='bbox 839 4190 1154 4257; x_wconf 88' lang='lat' dir='ltr'><strong>prospera</strong></span> <span class='ocrx_word' id='word_1_232' title='bbox 1211 4168 1355 4233; x_wconf 88' lang='lat' dir='ltr'><strong>sive</strong></span> <span class='ocrx_word' id='word_1_233' title='bbox 1417 4188 1536 4252; x_wconf 89' lang='lat' dir='ltr'><strong>per</strong></span> <span class='ocrx_word' id='word_1_234' title='bbox 1578 4166 2004 4234; x_wconf 82' lang='lat' dir='ltr'><strong>adversantia</strong></span> <span class='ocrx_word' id='word_1_235' title='bbox 2064 4166 2272 4245; x_wconf 90' lang='lat' dir='ltr'><strong>nobis,</strong></span> <span class='ocrx_word' id='word_1_236' title='bbox 2318 4166 2611 4233; x_wconf 88' lang='lat' dir='ltr'><strong>debitam</strong></span> <span class='ocrx_word' id='word_1_237' title='bbox 2657 4167 2942 4234; x_wconf 73' lang='lat' dir='ltr'><strong>ecclesiae</strong></span> 
     </span>
     <span class='ocr_line' id='line_1_32' title="bbox 837 4269 1776 4337; baseline -0.005 0"><span class='ocrx_word' id='word_1_238' title='bbox 837 4294 979 4337; x_wconf 85' lang='lat' dir='ltr'><strong>suae</strong></span> <span class='ocrx_word' id='word_1_239' title='bbox 1023 4270 1338 4336; x_wconf 87' lang='lat' dir='ltr'><strong>restituat</strong></span> <span class='ocrx_word' id='word_1_240' title='bbox 1381 4269 1776 4333; x_wconf 86' lang='lat' dir='ltr'><strong>libertatem.</strong></span> 
     </span>
     <span class='ocr_line' id='line_1_33' title="bbox 927 4368 2944 4460; baseline -0.001 -21"><span class='ocrx_word' id='word_1_241' title='bbox 927 4374 1092 4439; x_wconf 75' lang='lat' dir='ltr'><strong>Haec</strong></span> <span class='ocrx_word' id='word_1_242' title='bbox 1135 4372 1314 4460; x_wconf 89' lang='lat' dir='ltr'><strong>patri</strong></span> <span class='ocrx_word' id='word_1_243' title='bbox 1375 4375 1597 4435; x_wconf 89' lang='lat' dir='ltr'><strong>nostro</strong></span> <span class='ocrx_word' id='word_1_244' title='bbox 1666 4369 1933 4436; x_wconf 88' lang='lat' dir='ltr'><strong>domino</strong></span> <span class='ocrx_word' id='word_1_245' title='bbox 2000 4368 2339 4448; x_wconf 77' lang='lat' dir='ltr'><strong>Ostiensi‚⁴</strong></span> <span class='ocrx_word' id='word_1_246' title='bbox 2400 4375 2469 4435; x_wconf 92' lang='lat' dir='ltr'><strong>et</strong></span> <span class='ocrx_word' id='word_1_247' title='bbox 2513 4374 2751 4437; x_wconf 80' lang='lat' dir='ltr'><strong>caetera</strong></span> <span class='ocrx_word' id='word_1_248' title='bbox 2795 4392 2944 4457; x_wconf 82' lang='lat' dir='ltr'><strong>quae</strong></span> 
     </span>
     <span class='ocr_line' id='line_1_34' title="bbox 839 4470 2933 4559; baseline -0.001 -18"><span class='ocrx_word' id='word_1_249' title='bbox 839 4474 1202 4543; x_wconf 88' lang='lat' dir='ltr'><strong>Senonensi</strong></span> <span class='ocrx_word' id='word_1_250' title='bbox 1283 4471 1769 4558; x_wconf 86' lang='lat' dir='ltr'><strong>archiepiscopo</strong></span> <span class='ocrx_word' id='word_1_251' title='bbox 1851 4472 2251 4558; x_wconf 88' lang='lat' dir='ltr'><strong>scripsimus,</strong></span> <span class='ocrx_word' id='word_1_252' title='bbox 2322 4470 2787 4559; x_wconf 85' lang='lat' dir='ltr'><strong>significabitis</strong></span> <span class='ocrx_word' id='word_1_253' title='bbox 2848 4496 2933 4539; x_wconf 87' lang='lat' dir='ltr'><strong>ex</strong></span> 
     </span>
    </p>
   </div>
   <div class='ocr_carea' id='block_1_3' title="bbox 899 4742 2871 4895">
    <p class='ocr_par' dir='ltr' id='par_1_3' title="bbox 899 4742 2871 4895">
     <span class='ocr_line' id='line_1_35' title="bbox 903 4742 2871 4809; baseline -0.001 -10"><span class='ocrx_word' id='word_1_254' title='bbox 903 4751 920 4784; x_wconf 83' lang='lat'>¹</span> <span class='ocrx_word' id='word_1_255' title='bbox 955 4748 1154 4809; x_wconf 70' lang='lat' dir='ltr'><strong>insistit,</strong></span> <span class='ocrx_word' id='word_1_256' title='bbox 1177 4748 1246 4799; x_wconf 83' lang='lat' dir='ltr'><strong>V.</strong></span> <span class='ocrx_word' id='word_1_257' title='bbox 2001 4745 2023 4777; x_wconf 80' lang='lat'>⁸</span> <span class='ocrx_word' id='word_1_258' title='bbox 2052 4742 2390 4807; x_wconf 70' lang='lat' dir='ltr'><strong>Francorum,</strong></span> <span class='ocrx_word' id='word_1_259' title='bbox 2416 4746 2491 4806; x_wconf 74' lang='lat'><strong>23</strong></span> <span class='ocrx_word' id='word_1_260' title='bbox 2528 4744 2787 4806; x_wconf 70' lang='lat' dir='ltr'><strong>Francia,</strong></span> <span class='ocrx_word' id='word_1_261' title='bbox 2810 4746 2871 4797; x_wconf 89' lang='lat' dir='ltr'><strong>L.</strong></span> 
     </span>
     <span class='ocr_line' id='line_1_36' title="bbox 899 4820 2419 4895; baseline -0.003 -18"><span class='ocrx_word' id='word_1_262' title='bbox 899 4830 922 4863; x_wconf 79' lang='lat'>²</span> <span class='ocrx_word' id='word_1_263' title='bbox 949 4828 1172 4895; x_wconf 66' lang='lat' dir='ltr'><strong>possitis,</strong></span> <span class='ocrx_word' id='word_1_264' title='bbox 1195 4827 1270 4887; x_wconf 81' lang='lat' dir='ltr'><strong>L3</strong></span> <span class='ocrx_word' id='word_1_265' title='bbox 1299 4824 1617 4893; x_wconf 58' lang='lat' dir='ltr'><strong>postposuit,</strong></span> <span class='ocrx_word' id='word_1_266' title='bbox 1643 4825 1712 4876; x_wconf 80' lang='lat' dir='ltr'><strong>A.</strong></span> <span class='ocrx_word' id='word_1_267' title='bbox 1999 4822 2021 4855; x_wconf 85' lang='lat'><strong>⁴</strong></span> <span class='ocrx_word' id='word_1_268' title='bbox 2054 4820 2339 4883; x_wconf 58' lang='lat' dir='ltr'><strong>Hostia-ci,</strong></span> <span class='ocrx_word' id='word_1_269' title='bbox 2358 4822 2419 4873; x_wconf 89' lang='lat' dir='ltr'><strong>L.</strong></span> 
     </span>
    </p>
   </div>
   <div class='ocr_carea' id='block_1_4' title="bbox 846 3455 3059 3543">
    <p class='ocr_par' dir='ltr' id='par_1_4' title="bbox 846 3455 3059 3543">
     <span class='ocr_line' id='line_1_37' title="bbox 846 3455 3059 3543; baseline 0 -20"><span class='ocrx_word' id='word_1_270' title='bbox 846 3466 1090 3523; x_wconf 88' lang='lat' dir='ltr'><strong>terram</strong></span> <span class='ocrx_word' id='word_1_271' title='bbox 1121 3458 1265 3543; x_wconf 87' lang='lat' dir='ltr'><strong>ejus</strong></span> <span class='ocrx_word' id='word_1_272' title='bbox 1311 3457 1566 3541; x_wconf 88' lang='lat' dir='ltr'><strong>ingredi</strong></span> <span class='ocrx_word' id='word_1_273' title='bbox 1612 3456 1920 3521; x_wconf 90' lang='lat' dir='ltr'><strong>nolumus</strong></span> <span class='ocrx_word' id='word_1_274' title='bbox 1967 3455 2095 3519; x_wconf 89' lang='lat' dir='ltr'><strong>nisi</strong></span> <span class='ocrx_word' id='word_1_275' title='bbox 2142 3476 2260 3520; x_wconf 90' lang='lat' dir='ltr'><strong>nos</strong></span> <span class='ocrx_word' id='word_1_276' title='bbox 2306 3455 2579 3541; x_wconf 83' lang='lat' dir='ltr'><strong>recipiat</strong></span> <span class='ocrx_word' id='word_1_277' title='bbox 2626 3455 2698 3518; x_wconf 91' lang='lat' dir='ltr'><strong>in</strong></span> <span class='ocrx_word' id='word_1_278' title='bbox 2728 3455 2949 3520; x_wconf 88' lang='lat' dir='ltr'><strong>osculo</strong></span> <span class='ocrx_word' id='word_1_279' title='bbox 3050 3520 3059 3523; x_wconf 87' lang='lat'>.</span> 
     </span>
    </p>
   </div>
   <div class='ocr_carea' id='block_1_5' title="bbox 3626 4822 3632 5470">
    <p class='ocr_par' dir='ltr' id='par_1_5' title="bbox 3626 4822 3632 5470">
     <span class='ocr_line' id='line_1_38' title="bbox 3626 4822 3632 5470; baseline 0 0"><span class='ocrx_word' id='word_1_280' title='bbox 3626 4822 3632 5470; x_wconf 95' lang='lat' dir='ltr'><strong> </strong></span> 
     </span>
    </p>
   </div>
  </div>
 </body>
</html>
