3634 5800
901 885 1006 975 32²2⁴
1086 838 1092 845 .
1769 900 2135 949 EPISTOLAE.
2610 886 2769 969 [A.D.
2804 888 2837 949 1
2852 888 2998 951 169.

891 1093 1028 1153 tem
1075 1089 1130 1175 ej
1142 1110 1216 1153 us
1263 1090 1338 1155 in
1379 1088 1606 1174 aliquo
1654 1089 1915 1165 minuit,
1966 1088 2131 1174 quin
2166 1086 2371 1155 libere
2418 1088 2601 1153 omni
2646 1089 3003 1170 occasione,

889 1192 959 1254 et
1003 1189 1450 1275 appellatione
1519 1195 1837 1265 cessante,
1882 1190 1956 1255 in
2001 1190 2219 1275 ipsum
2282 1211 2523 1277 regem,
2584 1189 2661 1255 in
2722 1210 3002 1277 regnum

890 1296 960 1357 et
1027 1312 1338 1377 personas
1405 1294 1611 1379 regni,
1689 1291 2119 1359 severitatem
2194 1290 2707 1359 ecelesiasticam
2784 1292 3008 1359 valeat

889 1414 1209 1473 exercere,
1254 1398 1455 1480 prout
1499 1394 1627 1459 sibi
1673 1398 1745 1461 et
1773 1394 2064 1463 ecclesiae
2096 1394 2225 1460 Dei
2256 1394 2568 1481 expedire
2600 1396 3003 1481 cognoverit.

892 1494 1259 1563 Consilium
1303 1501 1530 1563 tamen
1575 1497 1941 1565 amicorum
1984 1502 2103 1575 est,
2154 1517 2513 1583 eorumque
2533 1494 2556 1535 ¹
2622 1497 3001 1583 sapientum

887 1600 984 1675 ut,
1029 1598 1190 1663 dum
1252 1597 1432 1685 pacis
1478 1599 1684 1664 verba
1727 1603 2125 1676 tractantur,
2170 1598 2401 1663 mitius
2466 1602 2623 1685 agat
2670 1604 2741 1665 et
2786 1598 3001 1665 multa

889 1700 1298 1780 dissimulet3
1356 1706 1588 1787 postea
1633 1702 1692 1767 si
1728 1702 1933 1788 (quod
1977 1702 2183 1785 absit)
2232 1724 2367 1787 pax
2414 1723 2548 1767 non
2595 1702 3003 1787 processerit,

815 1813 821 1820 ’
882 1803 1151 1888 gravius
1221 1804 1411 1889 quasi
1479 1804 1837 1889 resumptis
1882 1804 2139 1869 viribus
2202 1810 2655 1889 persecutores
2702 1802 2995 1869 ecclesiae

888 1907 1354 1989 prostraturus,
1447 1904 1658 1991 Spera
1721 1928 1898 1991 erge,
1944 1905 2186 1971 dilecte
2233 1905 2346 1982 mi,
2392 1910 2463 1971 et
2507 1904 2838 1991 quidquid
2899 1906 3003 1969 in·-

886 2006 1082 2071 terim
1126 2006 1433 2084 audieri3‚
1465 2027 1600 2071 non
1645 2007 1991 2085 moveariS,
2024 2007 2183 2093 quia
2228 2007 2412 2072 Deus
2458 2008 2530 2071 in
2574 2011 2729 2072 tuto
2775 2008 2999 2092 posuit

887 2129 1151 2174 causam
1195 2128 1401 2175 suam.
1491 2108 1744 2173 Audies
1787 2108 1963 2175 forte
2008 2108 2388 2195 superbiam
2438 2108 2653 2185 Moab,
2702 2108 2817 2173 sed
2862 2130 2999 2173 me·

889 2194 1160 2275 mineris
1205 2210 1382 2294 quod
1429 2210 1738 2297 superbia
1784 2210 2013 2295 major·
2042 2216 2145 2275 est
2189 2231 2390 2295 quam
2460 2208 2787 2275 fortitudo
2834 2211 2993 2295 ejus.

890 2310 1066 2375 Nam
1131 2312 1350 2377 territi
1415 2316 1576 2377 sunt
1650 2312 1722 2376 in
1789 2311 1953 2377 Sion
2021 2317 2413 2398 peccatores,
2462 2312 2755 2398 possedit
2798 2312 3000 2377 timor

887 2412 1288 2499 hypocritas,
1357 2415 1491 2499 qui,
1537 2414 1668 2480 nisi
1737 2418 2165 2481 revertantur
2208 2436 2251 2481 a
2296 2415 2629 2501 pravitate
2700 2436 2837 2492 sua,
2882 2436 2993 2479 ex-

887 2514 1239 2601 pellentur,
1285 2521 1356 2581 et
1422 2521 1597 2582 stare
1657 2537 1792 2581 non
1856 2522 2190 2603 poterunt.
2284 2518 2331 2583 J
2335 2540 2443 2583 am
2512 2518 2690 2582 enim
2754 2518 2997 2583 securis

888 2618 972 2683 ad
1036 2618 1324 2685 radicem
1388 2640 1614 2683 eorum
1679 2619 1898 2704 posita
1965 2625 2107 2697 est,'
2146 2626 2218 2685 et
2277 2619 2727 2685 ventilabrum
2793 2618 2997 2684 habet

887 2719 1158 2806 angelus
1223 2720 1296 2784 in
1343 2742 1548 2787 manu
1615 2742 1758 2801 sua,
1805 2726 1884 2787 ut
1944 2743 2153 2808 grana
2220 2721 2552 2787 discernat
2578 2719 2605 2759 ²
2666 2742 2708 2786 a
2770 2720 2995 2805 paleis,

888 2820 1164 2889 Praefati
1208 2822 1434 2887 nuntii
1479 2824 1565 2887 ad
1611 2844 1835 2910 regem
1880 2824 2159 2911 profecti
2206 2828 2381 2901 sunt,
2428 2824 2546 2889 sed
2610 2824 2771 2910 quid
2816 2823 2995 2909 apud

887 2924 1104 3009 ipsum
1149 2925 1549 3003 invenerint,
1595 2927 1897 2990 nondum
1941 2926 2133 2992 nobis
2176 2926 2490 2991 innotuit.
2568 2925 2717 2991 Hoc
2770 2929 2996 2990 tamen

884 3036 1136 3096 certum
1184 3037 1303 3109 est,
1350 3032 1529 3116 quod
1574 3053 1642 3096 se
1689 3053 1807 3096 rex
1856 3032 2057 3098 verbo
2104 3037 2171 3097 et
2239 3032 2485 3117 scripto
2532 3031 2861 3117 obligavit
2904 3032 2990 3098 ad

888 3132 1382 3218 exsequendum
1453 3134 1806 3200 consilium
1872 3138 1942 3198 et
2006 3133 2395 3198 mandatum
2462 3133 2719 3198 domini
2767 3153 2997 3218 papae3

889 3234 1342 3320 scriptumque
1389 3235 1534 3320 ejus
1579 3258 1716 3320 prae
1781 3235 2090 3302 manibus
2138 3241 2255 3314 est,
2302 3256 2344 3300 a
2388 3256 2521 3319 quo
2566 3235 2624 3300 si
2671 3234 2997 3312 resilierit,

889 3335 1080 3402 facile
1145 3337 1598 3404 convincetur.
1715 3335 1851 3402 Sed
1918 3357 2041 3402 nec
2103 3339 2198 3424 sic
2264 3337 2667 3402 credendum
2742 3339 2999 3402 censuit

889 3437 1175 3515 ecclesia,
1221 3443 1580 3524 antequam
1627 3439 1983 3505 verborum
2030 3438 2229 3504 fidem
2274 3460 2545 3523 operum
2615 3439 2995 3505 testimonio

887 3539 1241 3606 roboraret.
1357 3539 1706 3607 Salutatus
1751 3563 1793 3607 a
1838 3547 1925 3619 te,
1986 3540 2349 3627 plurimum
2396 3547 2465 3606 et
2527 3541 2879 3607 affectuose
2926 3549 2993 3607 te

886 3641 1208 3708 resalutat
1275 3641 1819 3730 archiepiscopus,
1870 3665 1939 3708 se
1983 3643 2070 3711 ad
2136 3663 2425 3708 amorem
2452 3640 2478 3682 ³
2546 3649 2615 3710 et
2676 3644 2991 3709 honorem
3066 3649 3073 3659 '

887 3749 1079 3809 tuum
1125 3764 1464 3829 exponens
1496 3744 1995 3830 promptissima
2038 3743 2409 3810 devotione.

958 3975 972 4004 ¹
997 3989 1272 4037 eorumque,
1295 3973 1359 4035 0',
1383 3975 1454 4036 Ζς
1475 3976 1810 4039 virorumque,
1829 3977 1893 4034 L,
2060 3976 2083 4008 ³
2118 3991 2304 4037 ηιονεηι,
2329 3976 2395 4027 Ο.

891 4053 977 4181 L2
1007 4051 1264 4115 decenae,
1301 4052 1368 4116 Ο,
1405 4053 1476 4118 V,
1518 4053 1590 4114 Z}
1625 4052 1895 4116 discernat,
