3634 5800
858 869 989 936 470
1738 883 2096 931 musrom.
2577 867 2740 953 [Am.
2775 870 2969 940 1171.

858 1067 1013 1132 Jam
1058 1089 1257 1154 super
1302 1068 1425 1132 hoc
1470 1065 1813 1132 consultus
1857 1069 2030 1130 esset
2076 1065 2416 1130 Romanus
2461 1065 2782 1150 pontifeX,
2831 1065 2962 1128 nisi

858 1172 1017 1256 quia
1082 1170 1365 1236 facultas
1432 1167 1822 1232 transeundi
1885 1167 2050 1232 adeo
2111 1167 2420 1231 omnibus
2481 1166 2800 1252 praeclusa
2841 1171 2960 1240 est,

860 1277 937 1336 ut
982 1272 1204 1335 nullus
1264 1271 1352 1336 ad
1416 1270 1759 1354 navigium
1825 1269 2226 1334 admittatur
2285 1269 2414 1332 nisi
2467 1267 2728 1334 litteras
2787 1265 2958 1353 regis

857 1378 1011 1438 ante
1056 1373 1439 1458 porrexerit.
1510 1370 1721 1435 Nobis
1766 1375 1991 1435 tamen
2035 1370 2302 1436 interim
2327 1367 2351 1406 ¹
2381 1370 2746 1435 consultius
2776 1389 2914 1435 esse
2936 1366 2964 1406 ²

858 1473 1125 1538 videtur
1170 1479 1249 1538 ut
1292 1474 1674 1538 assistamus
1720 1471 1993 1537 Domini
2055 1471 2404 1548 voluntati,
2451 1479 2520 1536 et
2563 1493 2760 1556 quem
2819 1471 2958 1556 ipse

856 1576 1175 1641 honorare
1240 1577 1555 1661 dignatur
1620 1581 1699 1640 ut
1761 1579 2141 1659 martyrem,
2201 1596 2340 1650 noe,
2397 1575 2538 1639 sive
2618 1581 2958 1640 cantemus

858 1680 999 1743 sive
1062 1680 1407 1764 ploremus
1476 1683 1558 1742 ut
1627 1683 1988 1763 martyrem
2063 1663 2470 1742 veneremur.
2563 1677 2742 1742 Nam
2817 1677 2956 1741 fere

858 1781 931 1843 in
964 1781 1266 1845 omnibus
1296 1781 1527 1844 mundi
1574 1780 1876 1864 partibus
1923 1779 2121 1856 Deus,
2151 1800 2288 1844 non
2331 1783 2716 1864 exspectata
2743 1780 2958 1865 cujus-

858 1903 1117 1968 cunque
1180 1882 1466 1946 hominis
1527 1882 1940 1958 auctoritate,
2003 1882 2227 1966 potuit
2269 1885 2339 1946 et
2383 1871 2725 1947 consuevit
2771 1880 2960 1946 clari-

858 1983 1055 2049 ficare
1132 2004 1293 2068 quos
1368 1981 1629 2062 voluit3
1702 1983 1880 2068 quod
1957 1982 2242 2067 sapienti
2317 2003 2452 2048 non
2524 1987 2745 2068 potest
2819 2003 2958 2047 esse

858 2085 1260 2170 ambiguum,
1326 2084 1441 2168 qui
1504 2084 1723 2148 varias
1797 2084 2158 2170 scripturas
2233 2083 2460 2150 solerti
2533 2084 2956 2171 indagatione

826 2253 842 2256 ,
860 2186 1246 2271 diligentius
1290 2189 1762 2270 perscrutatur.

1520 2452 2267 2460 ————-—-

1702 2639 2128 2707 DCCXLIX.

856 2795 965 2860 Ex
1010 2809 1339 2860 Emsrom
1384 2795 1615 2872 PETRI,
1662 2794 1922 2860 Sine-u
1975 2793 2270 2858 Rumon
2333 2807 2640 2871 Annum,
2685 2809 2784 2858 AD
2833 2795 2956 2859 Jo-

944 2912 1188 2965 mnu
1252 2875 1874 2964 Sfflrsnnmnsm
1941 2914 2025 2962 m
2097 2895 2483 2963 RJcARDuu
2518 2914 2715 2964 rsus
2791 2913 2956 2963 FRA-

942 3014 1182 3065 'rmum

1278 3150 1419 3213 (Pet.
1446 3148 1573 3201 cell.
1599 3150 1695 3213 Ep.
1722 3153 1836 3209 121,
1857 3164 1942 3214 ap.
1955 3104 2162 3214 ‘Mignffi
2184 3148 2380 3199 Patrol.
2405 3147 2542 3211 ccii.)

946 3278 1215 3416 seylffim
1260 3276 1604 3416 sefibengj,
1650 3281 1769 3343 eto„

1884 3377 1920 3414 ᾖ
2257 3377 2293 3414 ᾖ
2659 3378 2695 3415 ᾖ

947 3478 1050 3544 De
1094 3479 1456 3565 quaestione
1487 3483 1712 3547 autem
1758 3478 1878 3547 illa
1907 3499 2104 3565 quam
2149 3478 2224 3543 in
2266 3478 2400 3544 fine
2429 3478 2749 3566 passionis
2779 3480 2956 3547 beati

854 3580 1167 3665 martyris
1210 3579 1497 3659 Thomae,
1542 3581 1714 3647 bone
1744 3581 1970 3659 amice,
2016 3579 2312 3667 posuisti,
2343 3581 2536 3647 credo
2579 3582 2957 3648 nullatenus

855 3682 1249 3750 solutionem
1280 3686 1349 3748 te
1393 3683 1619 3748 latere.
1714 3683 2023 3748 Forsitan
2057 3692 2283 3747 tamen
2312 3687 2383 3747 et
2411 3704 2632 3749 meum
2661 3684 2956 3749 animum

854 3786 927 3849 in
973 3790 1160 3851 tuam
1204 3786 1601 3850 sententiam
1644 3785 2042 3851 translatum
2085 3805 2220 3849 non
2265 3785 2656 3864 dubitabas3
2718 3788 2835 3852 sed
2879 3792 2958 3852 ut

854 3886 1280 3973 recogitarem
1328 3885 1486 3971 quia
1552 3887 1730 3972 quod
1798 3886 1982 3953 Deus
2051 3908 2167 3972 per
2229 3908 2298 3953 se
2365 3886 2578 3954 facere
2645 3888 2955 3974 disponit,

856 3988 1147 4056 hominis
1215 3988 1543 4054 auxilium
1604 3988 1713 4053 vel
1758 3988 2216 4055 auctoritatem
2279 4011 2420 4055 non
2493 3990 2774 4077 quaerit3
2839 3991 2954 4056 ubi

855 4096 1079 4156 autem
1126 4089 1499 4155 ministeria
1542 4090 1888 4156 hominum
1940 4112 2076 4156 non
2135 4091 2428 4177 despicit,
2475 4114 2672 4159 causa
2713 4097 2956 4159 nostrae

854 4190 1172 4257 utilitatis
1214 4190 1323 4256 vel
1367 4191 1781 4268 humilitatis,
1824 4191 1950 4257 hoc
1997 4191 2178 4257 facit.
2254 4192 2524 4279 Absque
2569 4194 2746 4259 enim
2775 4194 2956 4260 omni

924 4440 938 4472 ¹
975 4440 1195 4501 interim,
1216 4456 1318 4491 om.
1343 4440 1403 4490 Z.
1843 4430 1852 4435 ’
1883 4438 1895 4502 Ι
2019 4440 2041 4473 ²
2073 4455 2193 4501 ene,
2215 4454 2316 4490 om.
2339 4440 2397 4491 Z.

922 4650 945 4674 ⁸
978 4644 1117 4709 Only
1141 4660 1198 4696 so
1228 4646 1382 4695 much
1420 4644 1479 4695 of
1508 4645 1614 4697 this
1638 4645 1681 4695 is
1703 4644 1858 4712 given
1947 4646 2005 4697 of
2025 4644 2305 4711 Salisbury,
2327 4648 2384 4696 in
2408 4646 2495 4698 the
2519 4648 2618 4699 end
2642 4647 2702 4697 of
2732 4645 2822 4699 the
2841 4664 2954 4715 pre-

856 4738 913 4773 as
935 4725 1122 4773 relates
1144 4730 1200 4773 to
1232 4724 1322 4773 the
1352 4722 1588 4788 question
1608 4724 1860 4787 proposed
1949 4724 2132 4790 ceding
2156 4725 2321 4775 letter.

855 4808 911 4853 to
939 4802 1154 4853 another
1190 4804 1587 4869 correspondent
1626 4802 1693 4869 by
1716 4801 1858 4853 John
