3634 5800
519 3840 573 3890 A
596 3842 816 3890 caution.

854 878 981 942 192
1410 941 1414 946 .
1698 893 2056 943 EPISTOLAE.
2414 971 2422 979 ·
2571 877 2732 963 [an.
2768 879 2960 945 1169.

850 1089 919 1150 et
962 1083 1339 1149 reverentia
1399 1082 1549 1169 plus
1610 1083 2054 1168 spurcissimis
2117 1081 2501 1148 hominibus
2567 1102 2770 1166 quam
2815 1081 2956 1148 Deo

850 1184 1218 1252 exhibetur.
1310 1184 1689 1250 Debueram
1733 1185 2062 1270 siquidem
2081 1183 2104 1222 ¹
2151 1184 2245 1250 sic
2275 1187 2346 1249 et
2379 1184 2474 1250 sic
2503 1183 2729 1269 egisse.
2811 1183 2956 1251 Hoc

848 1287 1239 1354 facillimum
1304 1291 1451 1353 erat
1511 1285 1714 1367 dictu,
1781 1286 1899 1352 sed
1958 1284 2424 1363 difficillimum
2485 1283 2741 1362 effectu,
2811 1289 2956 1350 tum

854 1389 1013 1474 quia
1076 1409 1301 1454 omnes
1368 1409 1669 1474 personae
1736 1395 2041 1454 mutuam
2107 1387 2238 1452 sibi
2307 1408 2571 1474 operam
2641 1387 2957 1474 praebent,

850 1497 995 1556 tum
1043 1492 1203 1577 quia
1244 1497 1304 1556 et
1350 1499 1481 1558 caet.
1574 1491 2062 1558 Existimabam
2089 1487 2116 1528 ²
2165 1511 2320 1576 ergo
2365 1511 2504 1555 esse
2549 1491 2842 1556 securius
2888 1495 2960 1556 et

853 1595 1071 1658 minus
1118 1592 1557 1678 periculosum
1602 1592 1954 1658 aestuantis
2000 1593 2116 1658 irae
2159 1591 2496 1679 gurgitem
2527 1612 2679 1658 cum
2725 1591 2956 1658 baculo

852 1695 1274 1760 humilitatis
1324 1699 1673 1772 attentare,
1740 1715 1943 1779 quam
2013 1693 2413 1760 temeritatis
2485 1693 2594 1758 vel
2668 1693 2957 1779 impetus

851 1821 1017 1864 ausu
1070 1799 1144 1862 in
1188 1797 1663 1883 profunditatis
1718 1798 1987 1882 gurgite
2035 1800 2252 1861 totum
2302 1817 2537 1882 corpus
2581 1796 2956 1863 immittere.

852 1900 1081 1966 Habui
1130 1899 1331 1964 etiam
1377 1903 1447 1964 et
1490 1898 1691 1964 aliam
1753 1898 1954 1983 hujus
2014 1898 2110 1962 rei
2156 1897 2781 1979 considerationem,
2825 1921 2958 1984 qua

852 2002 1039 2067 nolui
1100 2001 1309 2086 patris
1370 2000 1507 2065 mei
1563 1999 1858 2065 verenda
1915 2000 2310 2065 irreverenti
2365 1999 2583 2064 fronte
2635 2001 2958 2086 detegere.

854 2103 1241 2170 Consultius
1319 2101 1529 2188 igitur
1606 2102 1716 2186 (ut
1792 2100 1960 2165 mihi
2023 2101 2324 2186 videtur)
2388 2101 2633 2188 agitur,
2701 2102 2758 2166 si
2833 2103 2956 2167 sub

852 2205 1114 2270 fruticis
1195 2204 1528 2271 domicilio
1602 2203 1762 2268 dum
1837 2209 2193 2290 tempestas
2252 2203 2718 2268 immurmurat
2777 2205 2957 2270 sede-

853 2314 1023 2384 atur,
1077 2306 1235 2392 quia
1278 2306 1422 2371 Deo
1466 2305 1761 2392 propitio
1826 2310 1978 2390 post
2022 2305 2224 2391 hujus
2269 2307 2438 2371 aeris
2497 2306 2956 2394 intemperiem

854 2407 1229 2476 serenitatis
1292 2407 1514 2492 gratia
1579 2406 2037 2492 subsequatur.
2153 2407 2450 2472 Adverte
2515 2405 2720 2493 igitur
2781 2409 2958 2492 quod

854 2532 1067 2580 causae
1133 2515 1377 2575 nostrae
1444 2509 1732 2574 intentio
1800 2530 2047 2594 magna
2107 2531 2192 2574 ex
2256 2515 2444 2596 parte
2511 2517 2819 2590 cassetur,
2881 2533 2959 2578 eo

854 2615 1031 2701 quod
1077 2612 1148 2679 in
1193 2612 1413 2677 subito
1458 2610 1639 2677 facta
1683 2610 1773 2675 sit
1815 2615 2209 2678 accentuum
2255 2612 2676 2698 permutatio.

1692 3038 1697 3053 ,
1770 2972 2039 3041 DOXX.

960 3126 1315 3193 V1v1ANus
1359 3142 1456 3193 AD
1501 3128 1815 3193 THOMAM
1863 3127 2463 3195 OmwARmNSEM
2507 3145 2873 3195 AchmPI-

1746 3246 2038 3297 scopum.

1269 3382 1367 3445 (A.
1384 3385 1516 3443 309;
1551 3382 1607 3432 Z.
1633 3381 1697 3434 iii.
1726 3387 1792 3443 4;
1828 3383 1960 3447 Lup.
1988 3381 2057 3433 iii.
2081 3386 2148 3445 43
2185 3382 2368 3433 Thom.
2395 3385 2542 3447 358.)

942 3512 1210 3576 Thomae
1278 3510 1744 3577 Cantuariensi
1789 3512 2280 3599 archiepiscopo
2347 3514 2662 3600 magister
2725 3512 2958 3581 Vivia-

855 3636 980 3678 nus
1027 3614 1325 3694 salutem,
1374 3619 1443 3680 et
1512 3615 1591 3679 de
1658 3615 1940 3680 instanti
2009 3617 2275 3703 negotio
2321 3616 2404 3680 ad
2472 3616 2785 3682 honorem
2831 3616 2959 3683 Dei

857 3722 925 3781 et
971 3716 1256 3782 ecclesiae
1300 3717 1667 3783 victoriam.

946 3819 1046 3884 Ut
1091 3840 1239 3885 cum
1286 3819 1553 3884 domino
1598 3818 1966 3885 Turonensi
2035 3819 2143 3885 vel
2207 3819 2347 3905 ejus
2394 3820 2651 3885 nuntiis
2695 3822 2780 3886 ad
2827 3821 2962 3887 Cu—

855 3922 1039 4001 riam,
1104 3926 1369 3987 auctore
1435 3921 1594 3999 Dec,
1656 3922 2202 3989 festinantissime
2264 3928 2764 4001 reverteremur,
2830 3925 2966 3989 Tu-

854 4026 1032 4089 ronis
1117 4024 1609 4101 declinavimus
1690 4030 1759 4090 et
1849 4031 2087 4112 quarto
2165 4025 2484 4091 kalendas
2563 4026 2962 4093 Novembris

854 4128 1113 4193 litteras
1161 4128 1333 4213 regis
1380 4128 1661 4214 Angliae,
1730 4127 2203 4216 archiepiscopi
2268 4128 2837 4217 RothomagensiS,
2893 4134 2964 4196 et

859 4229 1357 4295 Cantuariensis
1420 4229 1885 4309 archidiaconi,
1962 4252 2078 4315 per
2149 4230 2437 4316 priorem
2512 4230 2802 4299 abbatiae
2879 4234 2960 4298 de

856 4332 1040 4396 Beuo
1059 4329 1087 4370 ³
1148 4336 1214 4395 et
1275 4330 1604 4417 quendam
1658 4330 1866 4395 alium
1913 4332 2202 4397 nobilem
2251 4331 2475 4395 virum
2544 4332 2961 4419 accepimuS‚⁴

855 4454 1133 4520 quarum
1224 4434 1729 4520 transscriptum
1805 4433 2210 4501 beatitudini
2291 4440 2528 4500 vestrae
2605 4435 2960 4514 mittimuS,

1098 4574 1220 4581 --—

922 4638 936 4670 ¹
974 4636 1231 4701 siquidem,
1257 4653 1356 4687 om.
1382 4638 1439 4687 Z.
2029 4638 2050 4670 ³
2087 4637 2250 4695 Beuo,
2299 4638 2370 4699 Z;
2429 4638 2602 4699 Beoe’,
2647 4638 2718 4701 V,
2764 4644 2834 4700 A,
2883 4641 2963 4703 03

920 4717 942 4748 ²
979 4714 1369 4778 Existimabam,
1396 4718 1433 4766 Z
1456 4737 1470 4777 ;
1498 4715 1857 4789 νἈΕεηίηηιέκιπι,
1963 4716 2142 4777 Bonis,
2175 4716 2235 4767 L.

858 4796 921 4851 Ο,
948 4796 1011 4846 G.
2027 4798 2048 4828 ⁴
2085 4798 2370 4861 recepimus,
2397 4797 2452 4847 Z.
