3634 5800
660 1873 745 1926 He
767 1876 869 1924 and

658 1942 829 1992 others
853 1954 938 1990 are

660 2023 799 2059 com·

661 2074 877 2125 mended
899 2079 953 2124 to

662 2142 749 2192 the
766 2141 974 2204 legates.

670 3006 780 3057 The
798 3006 973 3070 popc’s

670 3073 799 3124 wish
820 3080 874 3123 to

670 3138 856 3217 benefit

984 852 1117 919 530
1869 871 2224 922 ems-roma
2707 858 2871 942 [Am.
2907 853 3120 925 1172.

992 1073 1155 1138 copo
1200 1054 1300 1120 ita
1345 1057 1676 1121 constanti
1744 1057 1967 1122 animo
2026 1057 2366 1122 adhaesisti
2429 1063 2509 1121 ut
2553 1077 2706 1122 eum
2749 1058 2824 1120 in
2871 1053 3124 1120 exsilio

998 1174 1138 1220 suae
1182 1157 1653 1242 persecutionis
1698 1157 1990 1223 nolueris
2036 1157 2393 1235 dimittere,
2441 1163 2512 1222 et
2555 1177 2734 1223 nunc
2767 1155 3116 1221 tenaciter

996 1257 1199 1323 verbo
1246 1263 1315 1324 et
1360 1279 1554 1345 opere
1600 1259 1982 1326 memoriam
2043 1257 2188 1346 ejus
2249 1259 2574 1338 observes»,
2617 1265 2884 1345 gratum
2927 1257 3124 1344 geri-

994 1380 1143 1423 mus
1190 1365 1259 1426 et
1320 1366 1683 1448 acceptum,
1750 1367 1823 1427 et
1883 1362 2258 1428 devotionis
2327 1367 2460 1452 tuae
2527 1360 2976 1426 constantiam
3045 1357 3124 1420 in

996 1461 1123 1528 hac
1166 1467 1373 1549 parte,
1419 1469 1619 1549 prout
1664 1465 1997 1542 convenit,
2045 1465 2268 1551 dignis
2339 1465 2412 1528 in
2457 1463 2746 1530 Domino
2791 1461 3126 1531 laudibus

996 1565 1545 1644 commendamus,
1594 1565 1862 1631 firmum
1923 1573 2226 1654 gerentes
2290 1567 2703 1653 propositum
2749 1571 2816 1631 et
2865 1563 3129 1630 volun-

998 1671 1207 1732 tatem
1254 1673 1337 1746 te,
1386 1670 1559 1736 sicut
1604 1669 1960 1735 honestum
2007 1675 2076 1736 et
2123 1671 2498 1736 litteratum
2543 1669 2783 1747 virum,
2831 1663 3130 1734 arctiori

998 1769 1275 1836 caritate
1340 1769 1653 1856 diligere3
1720 1776 1790 1837 et
1857 1772 1940 1837 de
2008 1771 2414 1838 incremento
2483 1777 2554 1837 et
2623 1769 2922 1835 utilitate
2991 1773 3132 1832 tua

999 1870 1190 1956 vigili
1236 1871 1459 1937 studio
1506 1878 1575 1938 et
1618 1872 2070 1940 sollicitudine
2115 1874 2421 1959 cogitare.
2515 1872 2713 1939 Unde
2756 1892 2875 1958 pro
2925 1873 3122 1934 statu

1000 1978 1120 2040 tuo
1194 1973 1431 2058 vigiles
1504 1975 1864 2049 admodum
1941 1980 2010 2041 et
2077 1974 2342 2041 solliciti
2393 1975 2772 2050 existentes,
2847 1971 3128 2038 dilectis

1000 2075 1156 2140 filiis
1202 2075 1443 2140 nostris
1488 2075 1768 2143 Alberto
1814 2077 2020 2142 titulo
2082 2076 2296 2144 sancti
2345 2077 2691 2143 Laurentii
2737 2077 2810 2140 in
2856 2075 3122 2140 Lucina

1000 2183 1071 2245 et
1114 2177 1521 2244 Theodwino
1584 2179 1785 2245 titulo
1847 2179 2059 2246 sancti
2127 2179 2370 2246 Vitalis
2437 2179 2846 2266 presbyteris
2895 2176 3122 2242 cardi·

1001 2280 1282 2358 nalibuS,
1329 2281 1707 2366 apostolieae
1772 2281 1946 2346 sedis
2015 2281 2272 2368 legatie,
2341 2283 2622 2348 firmiter
2689 2281 2994 2346 dedimus
3041 2279 3120 2342 in

1002 2382 1353 2461 mandatis,
1428 2389 1509 2448 ut
1576 2382 1704 2448 tibi
1774 2390 1847 2449 et
1912 2383 2062 2449 aliis
2129 2384 2382 2452 clericis
2449 2405 2526 2451 ac
2587 2384 2772 2449 laicis
2845 2381 3120 2469 praefati

1006 2485 1483 2572 archiepiscopi
1546 2485 1836 2571 gratiam
1905 2491 1976 2552 et
2037 2509 2268 2573 pacem
2336 2486 2512 2574 regis
2571 2487 2944 2573 Anglorum
3005 2506 3116 2550 ac-

1006 2589 1296 2674 quirant,
1373 2591 1443 2652 et
1516 2609 1635 2654 vos
1705 2588 1778 2652 in
1855 2592 2035 2654 terra
2103 2589 2349 2655 faciant
2426 2589 2649 2655 reduci
2717 2593 2786 2653 et
2859 2587 3118 2652 ibidem

1008 2710 1231 2756 secure
1276 2709 1555 2754 manere.
1652 2688 1727 2754 Si
1780 2694 2008 2756 autem
2070 2690 2241 2756 forte
2302 2691 2664 2757 secundum
2711 2688 3116 2754 desiderium

1006 2798 1308 2857 nostrum
1336 2813 1475 2857 non
1518 2794 1868 2878 potuerint
1899 2793 2079 2880 apud
2111 2793 2463 2878 praefatum
2511 2792 2823 2880 proficere
2869 2811 3116 2877 regem,

1011 2899 1081 2959 et
1126 2895 1251 2959 tibi
1296 2893 1441 2980 ejus
1485 2917 1716 2981 pacem
1786 2901 1856 2962 et
1925 2895 2209 2983 gratiam
2279 2895 2600 2973 invenire,
2647 2901 2768 2961 tua
2809 2892 3120 2959 intererit

1009 2998 1201 3064 nobis
1276 2997 1663 3084 significare,
1742 2998 2033 3083 qualiter
2120 3004 2260 3064 tuae
2333 2997 2661 3085 possimus
2750 2996 3120 3083 provisioni

1010 3100 1414 3167 commodius
1458 3100 1823 3178 intendere,
1873 3104 1942 3167 et
1988 3099 2061 3165 in
2107 3121 2238 3186 quo
2284 3101 2412 3166 tibi
2456 3100 2730 3166 honeste
2773 3099 3120 3164 valeamus

1010 3209 1081 3269 et
1154 3203 1417 3268 utiliter
1488 3203 1852 3288 providere.
1949 3202 2090 3268 Nos
2161 3203 2338 3269 enim
2409 3202 2912 3269 necessitatibus
2981 3201 3118 3265 tuis

1012 3304 1249 3370 libenti
1326 3302 1551 3369 animo
1626 3303 1973 3370 intendere
2049 3305 2376 3391 cupimus»,
2451 3310 2520 3371 et
2597 3305 2748 3385 tibi,
2792 3310 3117 3389 tanquam

1010 3405 1277 3494 speciali
1324 3410 1391 3471 et
1439 3405 1683 3471 devoto
1728 3406 2020 3472 ecclesiae
2067 3405 2224 3485 filio,
2287 3406 2651 3484 efficaciter,
2699 3405 2771 3470 in
2816 3429 2891 3471 eo
2939 3402 3120 3491 quod

1010 3530 1130 3574 nos
1199 3508 1493 3574 decuerit
1538 3513 1607 3572 et
1670 3508 1981 3595 expedire
2047 3509 2425 3587 viderimuS,
2494 3514 2760 3575 auctore
2827 3507 3120 3572 Domino

1010 3608 1393 3677 curabimus
1436 3596 1799 3695 providere.
1893 3610 1997 3674 Tu
2061 3632 2214 3698 ergo
2259 3610 2626 3677 confortare
2689 3610 2762 3673 in
2808 3608 3120 3686 Domin0‚

1014 3716 1084 3777 et
1128 3712 1202 3776 in
1248 3733 1324 3777 eo
1368 3732 1553 3797 spem
1600 3715 1789 3778 tuam
1835 3716 1906 3777 et
1951 3712 2262 3779 fiduciam
2305 3732 2532 3800 ponas»,
2587 3712 2702 3799 qui
2749 3732 2884 3776 non
2929 3711 3120 3775 dere-

1011 3813 1262 3897 linquit
1324 3818 1660 3898 sperantes
1725 3814 1802 3878 in
1869 3834 1940 3879 se
2005 3815 2121 3879 sed
2191 3819 2260 3879 et
2326 3819 2477 3899 post
2537 3813 2844 3878 nubilum
2913 3811 3124 3877 faciat

1013 3913 1451 3999 tranquillum
1528 3919 1597 3979 et
1672 3934 1822 3983 cum
1900 3916 2274 3984 tentatione
2349 3921 2767 4001 proventum.
2861 3913 3120 3979 Datum

1015 4014 1375 4085 Tusculani
1421 4016 1543 4082 viii
1575 4015 1714 4084 Gal.
1762 4016 1949 4083 Julii.
