3634 5800
945 845 1074 907 268
1824 861 2178 910 EmsroLAE..
2660 849 2821 932 [Ap.
2855 845 3049 916 1170.

943 1044 1200 1110 consilii
1246 1046 1366 1122 tui,
1411 1067 1495 1110 ne
1563 1067 1698 1111 non
1757 1047 1972 1111 solum
2036 1053 2291 1132 partem
2361 1053 2553 1114 terrae
2616 1070 2813 1134 quam
2877 1046 3052 1133 petit

945 1151 1014 1211 et
1059 1146 1129 1209 in
1177 1168 1291 1232 spe
1337 1153 1518 1212 certa
1552 1148 1696 1232 jam
1741 1149 2040 1213 obtinere
2086 1149 2373 1226 videtur,
2419 1149 2532 1214 sed
2579 1155 2791 1214 totam
2842 1149 3045 1234 (quod

944 1247 1144 1332 absit)
1194 1253 1437 1313 terram
1497 1249 1863 1314 absorbeat.
1957 1249 2039 1313 Id
2082 1255 2307 1315 autem
2377 1251 2449 1315 in
2508 1251 2682 1316 calce
2728 1249 3045 1315 sermonis

943 1369 1064 1433 ego
1116 1353 1186 1413 et
1253 1349 1572 1433 passionis
1639 1371 1802 1414 meae
1867 1351 2041 1427 socii,
2104 1351 2436 1437 provoluti
2460 1349 2481 1388 ¹
2526 1356 2687 1416 tunc
2746 1351 3045 1437 genibus,

943 1451 1080 1515 tuae
1141 1450 1588 1535 supplicamus
1650 1451 2047 1528 discretioni,
2115 1473 2199 1516 ne
2265 1473 2557 1537 unquam
2634 1457 2701 1516 te
2768 1451 3043 1526 volente,

942 1555 1012 1615 te
1087 1552 1503 1628 assent-iente,
1580 1552 1822 1618 damna
1914 1553 2312 1638 patrimonio
2388 1553 2638 1619 Christi
2724 1553 3043 1639 sanguine

945 1652 1280 1718 elaborato
1347 1659 1416 1718 et
1476 1654 1591 1718 vid
1599 1675 1701 1718 uae
1770 1653 1911 1718 doti
1988 1653 2179 1720 illata
2253 1655 2573 1742 superiori
2648 1655 3044 1721 auctoritate

944 1754 1414 1839 compellamur
1482 1755 1830 1820 remittere.
1927 1755 2190 1840 Quippe
2253 1755 2376 1822 hoc
2436 1762 2608 1820 esset
2667 1755 3043 1839 exemplum

947 1856 1383 1939 perniciosum
1444 1855 1773 1932 inducere,
1820 1861 1890 1920 et
1952 1877 2073 1920 nos
2118 1856 2296 1943 ipsos
2314 1855 2341 1895 ²
2402 1857 2485 1921 de
2529 1857 2827 1922 indebito
2892 1877 3043 1920 con-

947 1958 1269 2022 taminare
1332 1977 1690 2036 consensu;
1743 1955 2109 2041 justificare
2174 1959 2377 2022 etiam
2446 1958 2785 2023 manifesti
2844 1957 3041 2022 sacri·

947 2159 1198 2223 remitti
1243 2164 1602 2243 peccatum,
1645 2158 1775 2223 nisi
1822 2159 2218 2224 restituatur
2262 2159 2556 2224 ablatum
2587 2184 2602 2238 ;
2648 2165 2718 2223 et
2762 2159 3046 2224 iterum:

948 2259 1185 2324 Veram
1216 2259 1677 2344 poenitentiam
1723 2281 1857 2324 non
1890 2259 2016 2345 agi,
2050 2260 2164 2324 sed
2200 2261 2495 2325 simulari
2544 2260 2782 2345 potius,
2816 2279 3041 2344 quam-

949 2361 1065 2424 diu
1129 2373 1327 2444 penes
1391 2359 1604 2424 furem
1681 2365 2099 2445 raptoremve
2174 2382 2277 2425 res
2352 2361 2576 2425 ablata
2651 2358 3043 2436 constiterit,

947 2462 1076 2526 nisi
1120 2460 1294 2525 forte
1337 2466 1630 2526 arctatus
1675 2466 2025 2526 excusetur
2068 2461 2305 2546 inopia.

609 2579 917 2630 Absolution
1038 2561 1362 2627 Praeterea
1391 2583 1475 2626 ne
1522 2560 2071 2627 excommunicati
2116 2561 2342 2638 nostri,
2389 2567 2830 2647 praeterquam
2877 2582 3044 2647 prae-

611 2645 891 2761 333ssin
947 2662 1110 2728 stita
1150 2663 1348 2747 juxta
1407 2684 1652 2727 morem
1697 2661 2202 2727 ecclesiasticum
2250 2663 2553 2728 cautione
2597 2661 3046 2738 absolvantur,

609 2784 763 2828 cates.
949 2769 1172 2829 vestra
1231 2765 1392 2829 item
1439 2763 1813 2829 sollicitudo
1876 2768 1946 2827 et
2007 2763 2443 2830 consideratio
2502 2764 2660 2841 haec,
2724 2785 2808 2829 ne
2868 2765 3043 2849 quod

949 2864 1149 2931 semel
1213 2865 1400 2930 bisve
1481 2885 1664 2930 secus
1737 2869 1960 2929 actum
2027 2869 2128 2929 est
2203 2864 2286 2929 ad
2348 2864 2635 2931 ecclesiae
2709 2865 3043 2931 laesionem

946 2969 1156 3053 possit
1219 2967 1532 3032 converti.
1622 2964 1821 3031 Unde
1889 2986 2269 3050 expressum
2338 2988 2535 3052 super
2595 2965 2717 3032 hoc
2762 2966 3045 3032 Romani

615 3081 808 3131 Amuli·
825 3080 878 3130 in
947 3068 1277 3154 pontificis
1346 3068 1630 3132 multum
1699 3071 2187 3152 acceptaremus
2261 3068 2669 3133 mandatum.
2759 3068 3043 3133 Audivi-

609 3147 798 3263 ¹·ssssssssss
811 3146 871 3196 θ’.
947 3192 1093 3235 mus
1123 3169 1422 3255 proxime
1467 3169 1738 3252 aliquae,
1785 3168 1859 3231 in
1902 3168 2113 3232 nostri
2158 3170 2708 3254 suggillationem,
2753 3191 2873 3256 pro
2904 3192 3047 3255 per-

946 3292 1107 3336 sona
1167 3270 1646 3335 Londoniensis
1671 3272 1695 3309 ³
1757 3268 2021 3352 scriptis
2086 3270 2221 3333 suis
2282 3270 2664 3336 testimonia
2732 3271 2803 3335 in
2863 3272 3047 3336 curia

945 3372 1406 3459 perhibiturOS,
1476 3391 1755 3455 quorum
1816 3390 1989 3433 unus
2034 3370 2420 3435 cismarinus
2479 3372 2549 3433 in
2618 3370 3047 3447 Normannia,

948 3478 1056 3559 (ut
1116 3473 1408 3554 dicitur‚)
1473 3471 1813 3556 episcopus
1878 3475 2015 3548 est3
2076 3472 2191 3555 qui
2256 3476 2481 3537 tamen
2544 3493 2631 3536 an
2707 3473 3047 3558 episcopus

947 3577 1052 3653 sit,
1116 3575 1270 3641 licet
1333 3574 1405 3636 in
1451 3572 1780 3658 episcopio
1839 3572 1983 3657 jam
2048 3572 2360 3648 senuerit,
2406 3572 2785 3659 ignoratur:
2846 3575 3047 3638 immo

946 3676 1125 3762 quod
1172 3674 1394 3739 verius
1439 3677 1558 3749 est,
1604 3673 1661 3735 si
1709 3672 1859 3757 quis
1907 3671 2247 3737 Christum
2310 3674 2477 3737 bene
2536 3674 2868 3760 recogitet,
2914 3695 3048 3739 non

946 3778 1091 3842 dico
1137 3776 1529 3861 episcopum,
1575 3773 1689 3837 sed
1753 3794 1875 3837 nec
1918 3772 2119 3837 etiam
2168 3772 2638 3851 Christianum,
2686 3796 2839 3839 vere
2900 3795 3049 3859 pro-

945 3878 1300 3952 fitebimur,
1364 3874 1495 3938 nisi
1563 3874 1733 3939 forte
1803 3873 2007 3938 verba
2072 3895 2207 3939 non
2267 3896 2467 3960 opera
2532 3876 2781 3941 faciant
2826 3874 3048 3940 Chris-

943 3980 1218 4044 tianum.
1298 3976 1504 4060 Cujus
1551 3975 1841 4060 profecto
1872 3976 2085 4039 omnis
2132 3976 2351 4039 virtus
2396 3978 2468 4039 in
2512 3997 2625 4040 ore
2656 3980 2772 4052 est,
2819 3976 3047 4061 lingua

943 4100 1144 4145 aurea
1187 4085 1258 4143 et
1319 4077 1602 4141 ferreum
1649 4096 1774 4151 cor,
1822 4096 1899 4139 cu
1896 4074 2010 4159 jus
2074 4076 2422 4160 epistolare
2476 4076 2811 4161 eloquium
2872 4076 3048 4160 quod

945 4181 1245 4266 proxime
1291 4178 1600 4253 vidimuS,
1647 4180 1877 4241 contra
1920 4196 2040 4240 nos
2071 4195 2335 4261 operose
2380 4177 2496 4241 sed
2542 4178 2805 4261 viperee
2849 4178 3047 4240 nimis

947 4286 1352 4367 conceptum,
1423 4278 1630 4341 nimio
1693 4276 1975 4341 candore
2044 4276 2331 4341 deforme
2393 4278 2719 4342 mentitur
2779 4278 3048 4355 idolum,

947 4381 1336 4468 quinpotius
1399 4400 1632 4443 verum
1696 4377 1948 4442 idolum
2019 4383 2134 4454 est,
2180 4378 2341 4462 quia
2406 4377 2643 4444 falsum
2707 4386 2809 4444 est
2876 4380 3052 4463 quod

1017 4640 1035 4674 ¹
1059 4639 1354 4706 provolutis,
1381 4639 1439 4688 P.
2114 4638 2135 4671 ⁸
2172 4637 2523 4700 Londoniensi,
2548 4641 2605 4701 P,
2632 4641 2696 4691 G.

1015 4718 1036 4751 ²
1069 4720 1196 4785 ipso,
1222 4719 1286 4769 G.
2116 4716 2137 4748 ⁴
2171 4718 2430 4783 episcopis,
2454 4718 2518 4771 G.
