3634 5800
608 904 744 954 ΑΛ).
783 888 1003 971 1169]
1488 904 1765 954 EPISTOL
1837 939 1848 952 .
2627 861 2711 954 '79

607 1096 942 1181 reciperet,
1017 1095 1144 1159 sibi
1220 1096 1621 1162 incessanter
1686 1092 2159 1180 injungebatis
2237 1094 2716 1179 quodammodo

608 1197 812 1264 verbo
857 1198 1114 1276 annuit,
1146 1204 1215 1264 et
1258 1220 1326 1263 se
1372 1196 1759 1263 habiturum
1804 1197 1949 1262 fore
1981 1195 2327 1263 consilium
2360 1199 2716 1283 respondit.

609 1301 743 1367 Sed
817 1306 977 1367 ante
1043 1302 1124 1366 de
1199 1299 1619 1367 absolvendis
1697 1300 2286 1366 excommunicatis
2356 1303 2717 1388 proposuit.
2746 1301 3017 1367 Proposals

609 1404 750 1469 Nos
780 1426 937 1470 vero
984 1403 1245 1489 qualem
1291 1425 1487 1489 super
1515 1401 1931 1468 absolutione
1951 1400 1974 1440 ¹
2020 1403 2471 1489 episcoporum
2507 1408 2720 1490 potes·
2746 1370 3044 1486 {agitas-ihm-

609 1512 817 1574 tatem
882 1507 1289 1584 haberemus
1358 1506 1515 1592 quia
1582 1503 1772 1571 vobis
1835 1525 1971 1569 non
2033 1509 2222 1570 extat
2291 1505 2719 1592 incognitum,

611 1610 990 1675 narratione
1068 1609 1582 1695 supersedemus,
1697 1607 2177 1692 Qualicumque
2254 1613 2478 1674 tamen
2541 1614 2720 1695 post-

608 1711 879 1778 modum
952 1717 1282 1798 potestate
1346 1714 1631 1797 accepta,
1679 1710 1735 1774 si
1805 1709 1988 1775 Deus
2050 1710 2348 1775 animum
2414 1733 2606 1776 suum
2653 1718 2723 1777 et

608 1817 1023 1881 voluntatem
1070 1816 1157 1880 ad
1201 1836 1430 1903 pacem
1495 1813 1864 1890 inclinaret,
1912 1818 2180 1898 propter
2246 1813 2371 1879 hoc
2416 1816 2722 1900 praestito

586 1918 695 1983 ,ab
741 1919 835 1983 eis
874 1918 1257 2003 juramento
1321 1915 1705 1981 nullatenus
1753 1919 2135 1980 remaneret.
2233 1914 2363 1995 Qui
2410 1938 2559 1982 cum
2606 1939 2724 2003 per

609 2021 852 2086 multos
920 2020 1279 2085 amfractus
1351 2019 1658 2095 locorum,
1721 2038 1843 2082 nec
1914 2016 2138 2081 minus
2184 2018 2556 2096 verborum,
2601 2040 2721 2085 nos

608 2143 828 2186 secum
894 2120 1299 2196 adduxisset,
1367 2125 1437 2184 et
1504 2117 1918 2203 aliquamdiu
1989 2117 2404 2195 detinuisset,
2454 2119 2720 2184 demum

607 2222 679 2285 in
733 2222 1083 2308 praesentia
1142 2219 1691 2305 Rothomagensis
1737 2225 1805 2283 et
1851 2218 2355 2305 Burdegalensis
2393 2221 2722 2307 'archiepi-

608 2344 952 2409 scoporum
999 2323 1141 2387 haec
1186 2321 1574 2408 proposuit:
1638 2325 1719 2385 ut
1764 2324 1900 2385 tres
1946 2320 2060 2406 qui
2106 2327 2463 2407 praesentes
2514 2331 2720 2403 erant,

608 2427 1123 2501 absolverentur,
1172 2430 1240 2489 et
1304 2446 1478 2489 unus
1543 2428 1843 2488 nostrum
1911 2423 2224 2510 Angliam
2295 2426 2591 2505 intraret,
2652 2434 2721 2493 et

610 2528 895 2613 reliquos
965 2527 1577 2602 excommunicatos
1626 2547 1789 2610 quos
1824 2525 2031 2610 juxta
2097 2524 2291 2590 littus
2355 2530 2555 2593 maris
2618 2530 2721 2594 in-

610 2629 886 2705 veniret,
917 2627 1305 2702 absolveret,
1337 2631 1407 2690 et
1467 2624 1639 2689 alter
1683 2624 1768 2689 ad
1801 2625 2365 2712 archiepiscopum
2413 2631 2717 2714 procede-

610 2733 727 2792 ret.
822 2728 969 2808 Quo
1013 2731 1222 2813 pacm,
1273 2726 1435 2812 Ejus
1480 2724 1735 2790 intuitu
1782 2747 1902 2811 per
1948 2747 2143 2811 quem
2191 2750 2374 2814 reges
2420 2736 2722 2815 regnant,

613 2835 683 2893 et
743 2852 964 2895 amore
1031 2834 1266 2906 vestre,
1315 2828 1803 2915 archiepiscopo
1873 2829 2290 2915 permitteret
2355 2837 2433 2895 ut
2495 2854 2719 2899 secure

615 2930 885 3008 veniret,
934 2935 1004 2995 et
1049 2932 1119 2993 in
1168 2929 1342 2994 bona
1406 2950 1565 3016 pace
1629 2934 1698 2993 et
1750 2929 1944 2994 firma
1988 2931 2339 2997 securitate
2386 2933 2723 3000 ecclesiam

614 3055 800 3097 suam
874 3033 1195 3118 reciperet
1270 3053 1420 3098 cum
1496 3032 1678 3096 omni
1755 3031 2162 3117 integritate,
2239 3034 2413 3099 sicut
2487 3036 2726 3104 habuit

597 3128 967 3221 ‘antequam
1029 3135 1257 3211 exiret,
1308 3155 1581 3219 eamque
1651 3138 1909 3198 teneret
1971 3134 2057 3198 ad
2123 3134 2437 3202 honorem
2484 3137 2610 3204 Dei
2658 3145 2727 3205 et

615 3237 917 3314 ecclesiae,
963 3242 1032 3301 et
1075 3257 1270 3300 suum
1341 3240 1410 3300 et
1473 3235 1764 3300 filiorum
1835 3255 2146 3316 suorum3
2223 3242 2293 3303 et
2356 3238 2480 3305 hoc
2547 3240 2724 3305 idem

615 3339 769 3415 suis
802 3339 918 3424 qui
965 3360 1114 3403 cum
1161 3359 1238 3402 eo
1285 3343 1353 3402 et
1398 3358 1517 3423 pro
1564 3358 1641 3401 eo
1673 3336 2090 3413 exsulabant,
2126 3339 2542 3407 concedebat.
2636 3343 2726 3409 Et

613 3442 686 3505 in
731 3441 992 3526 scriptis
1058 3445 1279 3506 totum
1344 3439 1521 3526 quod
1585 3439 2037 3525 promittebat,
2084 3441 2378 3528 redigere
2426 3444 2723 3512 debebat.

615 3543 697 3607 In
742 3543 1102 3609 crastinum
1150 3548 1393 3619 autem,
1443 3563 1592 3607 cum
1657 3541 1803 3606 illos
1851 3546 1987 3607 tres
2053 3544 2394 3610 absolvere
2458 3546 2722 3612 debere-
2746 3568 2859 3618 The
2882 3570 2989 3619 kiss

615 3667 777 3722 muS,
824 3645 1115 3711 mutavit
1162 3644 1518 3709 dumtaxat
1562 3664 1802 3708 nomen
1819 3641 2163 3728 filiorum,
2208 3651 2279 3711 et
2325 3647 2502 3712 dixit
2546 3646 2722 3714 here-
2745 3640 2804 3686 ΟΥ
2822 3650 2988 3698 peace.

614 3747 801 3825 dum,
833 3752 902 3813 et
928 3746 1055 3811 hoc
1094 3747 1166 3810 in
1197 3745 1551 3832 praesentia
1579 3745 2041 3830 praedictorum
2075 3746 2723 3835 archiepiscoporum,

616 3855 686 3915 et
745 3849 944 3913 unius
1005 3847 1519 3914 nominatissimi
1586 3845 2058 3913 Lexoviensis2
2134 3849 2433 3937 episcopi.
2546 3851 2724 3932 Quid

610 3972 774 4038 ergo
818 3951 901 4015 de
948 3949 1222 4017 osculo?
1337 3947 1480 4015 Nec
1548 3953 1817 4034 propter
1879 3949 2004 4014 hoe
2066 3950 2398 4016 modicum
2441 3974 2577 4038 pax
2623 3976 2721 4019 re-

617 4058 932 4128 maneret,
1000 4051 1355 4137 respondit.
1482 4050 1645 4135 Ejus
1710 4050 1902 4114 nobis
1971 4051 2248 4115 verbum
2318 4052 2587 4138 placuit,
2656 4062 2725 4123 et

615 4153 1015 4219 admisimus,
1110 4151 1544 4217 Absolutione
1613 4155 1837 4216 autem
1907 4150 2168 4216 illorum
2230 4154 2435 4217 trium
2455 4153 2481 4192 ³
2541 4162 2721 4242 post-

618 4253 812 4319 modo
837 4252 864 4292 4
927 4253 1123 4331 facta,
1191 4251 1311 4316 ubi
1382 4252 1575 4329 dixit,
1623 4251 1941 4317 honorem
2019 4272 2305 4318 summm
2363 4252 2725 4336 kenredum,

615 4355 870 4424 caeteris
917 4356 989 4419 in
1049 4375 1168 4419 suo
1215 4359 1398 4419 statu
1461 4353 1900 4430 manentibus
1947 4353 2019 4418 in
2085 4352 2198 4419 eo⁵
2258 4353 2398 4421 loco
2465 4357 2726 4444 adjecit,

686 4559 704 4593 ¹
737 4558 1072 4618 absolutione,
1109 4557 1178 4617 A,
1219 4558 1295 4619 Z;
1349 4555 1624 4606 absolutio·
1782 4554 1803 4588 ³
1841 4557 2005 4616 trium,
2029 4571 2128 4607 om.
2155 4557 2213 4608 L.

618 4654 740 4698 uem,
764 4639 825 4688 L.
1779 4635 1802 4666 ⁴
1832 4634 2151 4699 postmodum,
2200 4637 2271 4699 A,
2319 4639 2394 4700 Z;
2446 4644 2727 4708 postmodo,

681 4724 703 4749 ²*
743 4715 1090 4777 Lux-oniensis,
1138 4715 1223 4774 A;
1283 4713 1624 4774 Lemniensis,
1715 4713 1777 4763 L.

620 4795 682 4846 L.
1784 4791 1805 4824 ⁵
1841 4809 1913 4853 eo,
1939 4793 2007 4853 A,
2032 4791 2111 4854 03
2148 4796 2271 4860 ejus,
2294 4797 2354 4858 Z,
2377 4797 2436 4848 L.
