3634 5800
582 884 713 934 an.
750 865 972 952 1170]
1450 884 1808 933 nms‘rOLAE.
2559 874 2689 941 317

580 1071 771 1137 davit
845 1073 1047 1138 etiam
1122 1072 1404 1138 Ricardo
1477 1074 1558 1138 de
1632 1072 1894 1138 Humez
1968 1073 2144 1158 quod
2221 1073 2429 1141 filiam
2507 1079 2678 1162 regis

582 1173 1003 1254 Francorum,
1048 1195 1199 1241 cum
1258 1176 1487 1262 regina
1534 1174 1807 1240 Oadomi
1835 1173 1860 1214 ²
1905 1181 2292 1254 morantem,
2359 1177 2679 1252 vestibuS,

578 1275 991 1359 equitaturiS,
1056 1282 1125 1342 et
1192 1276 1445 1344 famma
1507 1277 1812 1342 decenter
1887 1277 2262 1354 instrueret,
2325 1279 2412 1343 ad
2459 1284 2671 1343 trans-

579 1374 957 1442 fretandum
1004 1377 1268 1463 quando
1330 1378 1471 1462 ipse
1514 1377 1876 1442 mandaret.
1971 1377 2120 1443 Hoc
2163 1383 2385 1444 autem
2432 1377 2684 1444 factum

582 1483 697 1554 est,
774 1485 853 1544 ut
926 1480 1159 1544 audiat
1231 1501 1350 1545 rex
1426 1479 1843 1558 Francorum,
1909 1486 1978 1545 et
2045 1481 2131 1545 ab
2203 1481 2680 1567 indignatione,

581 1600 779 1664 quam
824 1581 907 1646 de
952 1587 1335 1668 contemptu
1380 1581 1535 1647 filiae
1582 1583 1898 1668 concepit,
1946 1582 2425 1670 aliquantisper
2469 1585 2684 1669 quies·

581 1687 702 1746 cat.
825 1683 983 1748 Non
1050 1685 1228 1749 enim
1302 1685 1693 1750 mandatum
1758 1689 1860 1748 est
1923 1690 2003 1750 ut
2069 1685 2299 1750 statim
2362 1692 2490 1762 eat,
2567 1687 2680 1752 sed
2714 1690 2973 1758 Amnge-

579 1786 934 1872 praeparari
986 1786 1279 1872 jubetur,
1326 1793 1422 1864 ut,
1469 1787 1732 1871 quando
1795 1808 1914 1852 rex
1981 1788 2236 1852 miserit
2298 1808 2418 1874 pro
2465 1812 2542 1854 ea
2587 1789 2684 1855 ire
2711 1765 2879 1875 3⁶35?
2900 1775 2956 1810 ⁸⁸

578 1908 714 1953 non
758 1887 1042 1953 differat.
1134 1888 1333 1953 Forte
1394 1909 1547 1975 ergo
1594 1890 2146 1955 consecrationem
2208 1889 2462 1974 puellae‚
2509 1893 2562 1956 si
2569 1898 2678 1957 cut
2712 1887 2843 1941 wife.

578 1994 647 2052 et
692 1989 896 2074 pueri,
942 1989 1149 2054 furari
1216 1989 1547 2054 nituntur.
1643 1988 1775 2053 Sed
1839 1989 1895 2053 si
1943 1989 2146 2054 etiam
2209 1990 2428 2075 palam
2471 1993 2680 2070 fieret,

581 2088 801 2154 videte
863 2110 947 2154 ne
1016 2111 1059 2154 a
1104 2090 1293 2156 vobis
1355 2089 1579 2174 aliquo
1650 2089 1844 2155 modo
1915 2089 2215 2156 inunctio
2282 2092 2438 2160 fifiae
2507 2095 2678 2180 regis

582 2191 983 2258 Francorum
1051 2192 1493 2279 prohibeatur.
1584 2189 1686 2256 De
1754 2192 2136 2259 inunctione
2184 2215 2446 2280 quoque
2491 2199 2680 2282 pueri

578 2295 783 2360 nolite
829 2296 1111 2359 nimium
1156 2295 1429 2372 turbari,
1476 2295 1593 2359 sed
1636 2293 1828 2360 vobis
1874 2296 2218 2381 imputate,
2265 2299 2380 2383 qui
2426 2299 2686 2368 litteras

579 2417 714 2462 non
786 2396 1061 2462 misistis
1124 2417 1272 2482 quae
1342 2401 1653 2482 poterant
1721 2398 2274 2463 consecrationem
2342 2400 2680 2486 impedire.

580 2499 807 2565 Nolite
866 2498 1074 2584 igitur
1117 2520 1315 2583 super
1358 2519 1576 2584 regem
1623 2503 1744 2562 aut
1788 2519 1984 2583 super
2049 2499 2384 2585 episcopos
2433 2509 2684 2568 vestros

578 2602 867 2686 aliquam
940 2601 1339 2666 sententiam
1416 2599 1587 2678 dare,
1666 2599 1984 2684 quamdiu
2061 2599 2143 2664 de
2219 2621 2378 2686 pace
2460 2611 2680 2668 vestra

579 2706 945 2779 tractatur3
1003 2700 1119 2765 sed
1186 2701 1516 2786 patienter
1578 2699 1920 2775 sustinete,
1968 2699 2174 2765 donec
2238 2703 2470 2769 veniat
2540 2706 2681 2770 dies

580 2801 837 2867 laetitiae
884 2806 953 2867 et
995 2802 1191 2886 pacis,
1237 2801 1345 2866 vel
1392 2800 1529 2865 dies
1590 2800 1707 2866 irae
1754 2805 1822 2864 et
1882 2800 2376 2888 indignationis,
2472 2802 2685 2871 Credo

580 2912 806 2971 tamen
867 2906 1043 2991 quod
1117 2927 1234 2991 per
1302 2904 1395 2969 Ni
1404 2925 1785 2971 vernensem
1848 2924 1982 2989 pax
2050 2910 2274 2970 vestra
2349 2928 2484 2971 non
2549 2910 2682 2989 fiet,

579 3008 889 3093 quoniam
921 3007 1315 3073 Senonensis
1360 3027 1587 3092 pacem
1617 3027 1767 3070 cum
1812 3026 1964 3091 rege
1995 3006 2364 3091 Anglorum
2396 3009 2680 3095 amplius

580 3110 819 3194 quaerit
862 3129 1061 3194 quam
1108 3114 1409 3173 vestram,
1506 3105 1874 3171 Plurimum
1921 3107 2100 3173 enim
2161 3108 2431 3177 affectat
2498 3110 2682 3198 loqui
2705 3130 2817 3209 'rho
2839 3133 2989 3182 areh-

576 3234 725 3278 cum
768 3232 937 3297 rege,
983 3216 1053 3276 et
1118 3210 1296 3275 dixit
1358 3208 1525 3274 mihi
1588 3208 1932 3273 manifeste
2001 3210 2194 3294 quod,
2258 3211 2315 3276 si
2387 3213 2680 3279 osculum
2707 3196 2914 3315 ξξέξξε

579 3336 695 3378 rex
742 3314 930 3379 vobis
975 3312 1181 3378 vellet
1240 3310 1600 3397 indulgere,
1648 3310 1721 3373 in
1768 3310 2074 3375 omnibus
2139 3312 2290 3378 aliis
2357 3316 2519 3380 satis
2580 3316 2680 3381 ilh’
2707 3330 2854 3379 seeks
2877 3337 2934 3407 tq

579 3420 749 3481 esset
791 3414 1206 3501 parcendum.
1300 3412 1408 3477 Me
1440 3412 1641 3477 etiam
1694 3412 2064 3499 increpavit
2093 3415 2272 3500 quod
2317 3415 2416 3482 ita
2459 3414 2682 3503 loque·
2705 3396 2855 3511 ἵζε
2875 3396 2954 3446 ¹¹¹⁸

585 3518 699 3581 bar
743 3517 823 3582 de
870 3516 1057 3581 vobis
1088 3521 1157 3580 et
1200 3508 1430 3581 contra
1473 3534 1710 3599 regem,
1758 3528 1844 3592 et,
1877 3520 1956 3580 ut
2001 3522 2176 3582 certe
2223 3521 2516 3605 cognovi,
2550 3542 2680 3605 pax
2707 3526 3021 3593 withHenry·

579 3624 803 3683 vestra
845 3618 917 3682 in
963 3638 1164 3681 manu
1208 3637 1331 3681 sua
1392 3637 1525 3681 non
1594 3616 1844 3701 poterit
1908 3620 2290 3704 prosperari.
2387 3620 2492 3686 Ob
2557 3622 2684 3689 hoc

578 3722 755 3786 enim
815 3719 1082 3785 recessit
1125 3718 1213 3784 ab
1258 3738 1333 3782 eo
1352 3716 1379 3755 2
1440 3715 1940 3783 archidiaconus
2009 3719 2460 3799 Bituricensis,
2519 3724 2680 3789 fide·

580 3822 865 3886 lissimus
940 3824 1175 3897 vester,
1252 3824 1322 3883 et
1396 3818 1738 3903 episcopus
1832 3818 1944 3884 ille
2020 3822 2197 3906 apud
2286 3822 2624 3889 Maantam
2657 3824 2683 3862 ³

579 3928 887 4000 moratur,
936 3926 1439 4006 exspectaturus
1506 3919 1601 3984 ibi
1647 3919 2013 3985 adventum
2077 3923 2248 4008 regis
2310 3924 2677 4011 Anglorum

579 4046 695 4110 per
761 4022 1140 4110 quindecim
1208 4022 1368 4100 (lice,
1415 4026 1485 4085 et
1552 4026 1717 4108 post,
1764 4023 1822 4085 si
1884 4044 2003 4087 rex
2064 4045 2200 4089 non
2261 4030 2536 4105 venerit,
2581 4052 2681 4094 re—

576 4150 883 4194 versurus
928 4126 1015 4192 ad
1062 4147 1238 4191 mare
1286 4146 1403 4211 per
1448 4124 1950 4205 Normanniam,
1982 4132 2063 4192 ut
2109 4132 2632 4214 procurationem
2657 4133 2684 4171 ⁴

578 4230 826 4317 regiam
889 4228 1153 4306 habeat,
1220 4248 1421 4311 quam
1494 4226 1834 4313 hucusque
1909 4231 2211 4315 suscepit,
2288 4237 2357 4297 et
2430 4255 2680 4299 moram

578 4332 781 4397 faciat
842 4329 1221 4415 longiorem.
1332 4328 1659 4415 Reginam
1729 4333 1955 4394 tamen
2026 4335 2096 4395 et
2161 4331 2518 4399 Ricardum
2594 4337 2676 4400 de

646 4545 661 4579 ι
704 4544 972 4606 candumi,
994 4544 1063 4594 V.
1688 4542 1960 4632 (probably
2006 4542 2227 4605 Nautes,
2273 4548 2476 4613 usually
2520 4552 2682 4600 called

642 4664 665 4698 ²
698 4664 761 4715 “b
786 4680 859 4725 ⁶⁰³
882 4662 955 4723 23
992 4677 1095 4712 ⁰¹¹¹·
1118 4662 1179 4711 1⁴·
1682 4621 1737 4671 in
1750 4620 2282 4764 Jaflfflzdmffiv
2333 4706 2371 4755 Z
2391 4726 2403 4739 ·
2505 4724 2656 4759 ocum

643 4783 665 4817 ³
698 4778 988 4839 Maammn,
1014 4779 1080 4841 Ο,
1115 4780 1156 4828 Ζ
1174 4801 1189 4841 ;
1234 4777 1481 4837 Muciam,
1515 4778 1577 4828 L.
1680 4780 1874 4839 tionem,
1895 4778 1956 4829 L.
2191 4739 2207 4763 '
2283 4740 2298 4765 '
2390 4743 2404 4766 ⁹
2438 4722 2506 4773 pr
2662 4741 2684 4753 -
