3634 5800
649 940 780 991 ω).
821 926 1036 1010 1169.]
1531 944 1886 993 ΕΡιεετοως.
2673 936 2758 996 33

1593 1222 1804 1289 DXL.

727 1370 1021 1437 'raonis
1068 1374 1636 1442 CANTUARIENSIS
1683 1390 2269 1444 Ancnlnmscorus
2316 1376 2702 1446 WILLELMO

1541 1478 1889 1545 Pmmsvsi

919 1618 1017 1679 (A.
1043 1622 1171 1677 192;
1206 1617 1268 1671 O.
1293 1618 1344 1667 ii.
1375 1623 1501 1679 1983
1539 1620 1594 1669 Z.
1620 1619 1687 1670 iii.
1712 1625 1769 1671 81
1797 1641 1810 1679 3
1846 1620 1977 1685 Lup.
2000 1621 2074 1671 iii.
2102 1625 2161 1671 81
2186 1643 2200 1681 ;
2236 1620 2416 1673 Thom,
2444 1626 2553 1681 69.)

740 1749 1118 1814 Venerabili
1186 1750 1453 1816 domino
1512 1757 1581 1815 et
1626 1751 1804 1837 patri
1848 1751 2185 1817 carissimo
2230 1750 2582 1827 Willelmo,
2626 1752 2752 1817 Dei

645 1852 864 1937 gratia
923 1856 1169 1919 sanctae
1215 1852 1532 1919 Romanae
1599 1852 1887 1920 ecclesiae
1960 1854 2345 1939 presbytero
2412 1855 2750 1931 cardinali,

648 1955 950 2029 Thomas,
995 1956 1224 2021 eadem
1286 1957 1504 2043 gratia
1570 1958 2069 2022 cantuariensis
2136 1957 2421 2023 ecclesiae
2486 1958 2753 2023 humilis

647 2059 968 2133 minister,
1011 2060 1294 2123 salutem
1337 2066 1410 2124 et
1453 2060 1724 2125 sincerae
1769 2061 2147 2125 devotionis
2191 2062 2598 2146 obsequium.

737 2159 949 2224 Nobis
994 2162 1066 2225 in
1111 2182 1268 2225 aure
1333 2162 1706 2227 sanctitatis
1753 2172 1995 2227 vestrae
2042 2162 2247 2226 verba
2309 2162 2750 2249 multiplicare

645 2282 781 2325 non
827 2263 1115 2347 expedit,
1161 2284 1310 2328 cum
1357 2264 1698 2329 sinceritas
1744 2268 1969 2328 vestra
2012 2284 2219 2349 prona
2280 2263 2371 2327 sit
2414 2265 2485 2327 in
2532 2280 2752 2349 patro-

645 2364 894 2428 cinium
939 2366 1264 2441 veritatiS‚
1311 2371 1380 2430 et
1448 2366 1709 2432 malitia
1771 2366 1983 2451 partis
2028 2367 2322 2431 adversae
2387 2368 2593 2433 latere
2638 2390 2750 2431 ne-

645 2472 850 2549 queat
907 2472 1064 2531 ante
1111 2467 1332 2531 oculos
1395 2467 1732 2551 sapientis,
1777 2471 1848 2531 et
1910 2466 2421 2551 ignominiosum
2486 2473 2752 2553 reputet

644 2570 884 2633 caritas
927 2569 1210 2634 amicum
1257 2589 1377 2654 pro
1422 2570 1731 2634 libertate
1783 2568 2071 2635 ecclesiae
2118 2571 2371 2635 diutius
2431 2570 2748 2635 afflictum

643 2672 1092 2735 consolatione
1164 2672 1391 2737 debita
1434 2694 1570 2737 non
1633 2692 1941 2738 recreare.
2036 2674 2197 2737 Haec
2260 2672 2341 2736 de
2390 2673 2578 2737 vobis
2648 2680 2749 2737 est

644 2773 888 2838 fiducia
933 2772 1482 2839 Christianissimi
1529 2776 1717 2859 regia
1747 2775 1890 2840 haec
1934 2780 2172 2850 nostra,
2207 2776 2322 2859 qui
2368 2797 2485 2860 per
2528 2776 2743 2859 ipsum

645 2876 1007 2940 redivimus
1054 2877 1124 2942 in
1170 2877 1455 2962 gratiam
1503 2884 1810 2955 vestram,
1857 2876 2001 2943 haec
2044 2898 2191 2962 spes
2236 2876 2533 2941 fidelium
2580 2901 2740 2964 prae-

645 2978 1010 3044 dicantium
1057 2980 1336 3064 gloriam
1387 2980 1675 3044 nominis
1723 2979 1943 3043 vestri.
2022 2979 2168 3044 Hac
2214 2980 2422 3064 igitur
2466 2981 2744 3044 animati

641 3087 711 3144 et
757 3081 1059 3157 roborati,
1107 3081 1552 3166 supplicamus
1583 3082 1910 3145 attentius
1957 3087 2302 3166 quatenuS‚
2341 3080 2543 3164 juxta
2570 3083 2745 3164 quod

643 3184 1036 3268 promisistis
1082 3184 1348 3248 domino
1394 3185 1531 3268 regi
1582 3183 1999 3259 Francorum,
2046 3183 2333 3246 viriliter
2375 3184 2745 3268 exsurgatis

643 3287 714 3348 in
759 3285 1084 3350 auxilium
1132 3285 1420 3352 ecclesiae
1469 3291 1536 3350 et
1583 3291 1901 3365 nostrum,
1935 3291 2004 3350 et
2050 3286 2503 3351 ecclesiasticae
2549 3287 2743 3351 liber·

641 3389 803 3452 tatis
835 3396 904 3452 et
947 3389 1323 3474 apostolicae
1368 3389 1542 3453 sedis
1571 3387 1812 3463 hosteS,
1845 3387 2003 3452 data
2034 3389 2362 3452 divinitus
2398 3389 2742 3473 sapientia,

642 3491 1010 3554 conteratis.
1103 3490 1324 3556 Facile
1392 3489 1568 3555 enim
1633 3495 1750 3567 est,
1796 3491 1853 3554 si
1900 3491 2201 3555 Romana
2268 3489 2537 3554 ecclesia
2595 3491 2737 3575 jam

643 3595 940 3673 paratam
987 3591 1354 3656 decreverit
1420 3598 1758 3677 acceptare
1805 3592 2169 3669 victoriam,
2218 3597 2297 3654 ut
2362 3591 2625 3676 fugiant
2669 3597 2738 3656 et

641 3692 1020 3777 dispereant
1072 3694 1326 3759 inimici
1380 3717 1421 3758 a
1466 3693 1636 3759 facie
1698 3694 1878 3778 ejus3
1942 3715 2099 3758 nam
2159 3692 2378 3758 territi
2448 3694 2733 3758 latebras

641 3799 966 3877 quaerunt,
1011 3801 1078 3860 et
1124 3796 1431 3861 nesciunt
1475 3816 1606 3880 quo
1651 3817 1719 3860 se
1766 3799 2049 3861 vertant.

1573 4181 1809 4249 DXLI.

637 4335 934 4402 THoMAs
980 4336 1548 4402 CANTUAMENffls
1617 4353 2203 4402 ARCHIEPISCOPUS
2255 4335 2302 4400 J
2304 4351 2519 4402 οΑΝΝι
2568 4351 2731 4402 CAR-

1191 4454 1435 4502 mium
1481 4437 1526 4504 J
1529 4456 1786 4504 OANNIS
1832 4455 1915 4502 Εἰ·
1962 4439 2195 4504 PAULI.

869 4591 968 4654 (A.
995 4595 1089 4640 194
1112 4611 1126 4650 ς
1163 4593 1225 4642 Ο.
1250 4589 1301 4641 ii.
1328 4597 1456 4654 200;
1485 4591 1541 4642 Z.
1567 4591 1635 4641 iii.
1660 4598 1722 4643 83
1747 4612 1761 4652 ;
1799 4593 1931 4657 Lup.
1957 4593 2024 4642 iii.
2052 4598 2145 4652 833
2180 4593 2363 4643 Thom.
2392 4595 2498 4654 58.)

729 4720 1021 4787 Audivit
1091 4721 1369 4788 ecclesia
1431 4724 1774 4790 Gallicana
1842 4747 1961 4790 vos
2036 4727 2107 4789 in
2182 4747 2380 4792 causa
2454 4727 2739 4792 ecclesiae

649 4824 1019 4909 Anglorum
1083 4831 1372 4890 mutasse
1439 4829 1855 4906 sententiam,
1904 4834 1981 4891 ut
2027 4849 2066 4891 a
2112 4829 2478 4912 patrocinio
2525 4852 2738 4915 perse-

814 4941 844 4974 o
883 4929 1056 4975 12478.
2427 4948 2465 4992 c

2778 2158 2981 2221 Asking
3004 2157 3082 2206 for

2779 2224 2864 2272 the
2888 2240 2996 2273 car-

2779 2289 2961 2339 dinar-

2779 2356 3044 2406 influence.

2761 4677 3017 4726 Acknow-

2762 4743 2968 4807 lcdging
2984 4743 3072 4792 the

2764 4809 3035 4859 cardinal’s

2763 4876 2955 4938 change
2980 4876 3039 4925 of

2762 4943 2942 5004 policy.
