3634 5800
608 885 739 935 Λα).
775 866 999 952 1172]
1572 882 1938 935 uris'roLAE.
2587 874 2717 939 539

613 1069 895 1151 Qualem
940 1089 1099 1137 vero
1146 1068 1333 1136 illam
1378 1070 1729 1149 invenerit,
1760 1068 1896 1136 alia
1939 1069 2090 1136 vice
2133 1091 2241 1137 me
2287 1070 2477 1137 vobis
2523 1073 2724 1159 scrip-

612 1172 773 1237 sisse
818 1171 1115 1251 memini,
1179 1176 1249 1238 et
1294 1193 1335 1238 a
1394 1171 1713 1237 memoria
1759 1176 1984 1237 vestra
2027 1192 2163 1237 non
2211 1173 2501 1239 arbitror
2545 1175 2721 1241 exci-

610 1275 801 1340 disse.
878 1274 1051 1341 Gum
1084 1274 1262 1340 enim
1294 1273 1455 1340 illuc
1484 1275 1557 1339 in
1601 1274 1870 1360 propria
1914 1294 2193 1361 persona
2239 1276 2540 1342 accedere
2585 1298 2720 1342 non

607 1377 915 1455 valerem,
963 1377 1350 1463 diligentem
1396 1377 1477 1442 de
1523 1376 1900 1442 domesticis
1946 1376 2188 1455 nostris
2235 1377 2713 1463 exploratorem

608 1479 843 1556 direxi,
891 1482 960 1544 et
1005 1478 1235 1544 audita
1278 1499 1398 1564 per
1428 1498 1579 1541 eum
1624 1481 1841 1543 status
1871 1477 2323 1544 melioratione
2365 1480 2718 1547 manifesta

542 1597 553 1605 ·
609 1582 879 1669 gavisus
940 1602 1100 1646 sum.
1194 1580 1241 1646 J
1243 1601 1351 1645 am
1412 1580 1592 1645 enim
1654 1601 1757 1645 res
1828 1581 2095 1646 directae
2148 1585 2339 1647 erant
2406 1582 2478 1645 in
2543 1582 2719 1650 hunc

608 1681 986 1761 articulum,
1032 1687 1111 1747 ut
1174 1682 1231 1746 si
1276 1680 1604 1747 Dominus
1667 1702 1895 1768 pacem
1964 1681 2168 1759 daret,
2217 1685 2288 1747 et
2355 1682 2451 1747 ibi
2520 1684 2718 1752 mini-

608 1784 980 1850 strantibus
1040 1788 1308 1870 possent
1369 1782 1681 1861 sufficere,
1728 1789 1797 1849 et
1844 1784 2330 1851 humanitatem
2351 1784 2376 1823 ¹
2421 1784 2718 1851 debitam

608 1886 981 1973 hospitibus
1026 1907 1147 1972 pro
1192 1885 1316 1953 loci
1382 1885 1651 1951 modulo
1716 1886 2131 1952 laudibiliter
2191 1886 2520 1953 exhibere.
2613 1888 2720 1955 Si-

610 1989 877 2075 quidem
924 1988 1167 2055 fratres
1210 1988 1308 2058 ibi
1352 1988 1666 2074 (legentes
1712 1992 1854 2054 tam
1899 1988 2185 2075 episcopi
2230 2010 2430 2075 quam
2476 1988 2717 2057 officia-

609 2091 777 2159 lium
823 2090 986 2177 ejuS,
1031 2091 1148 2156 sed
1194 2094 1263 2155 et
1328 2090 1719 2169 vicinorum,
1766 2092 2056 2177 gratiam
2124 2097 2523 2172 meruerunt,
2569 2114 2719 2180 pos-

606 2199 883 2279 sentque
927 2194 1163 2259 amodo
1208 2190 1566 2259 amicorum
1613 2192 1924 2271 subsidio,
1985 2214 2103 2279 per
2146 2194 2432 2281 gratiam
2478 2194 2605 2259 Dei
2651 2203 2722 2263 et

609 2317 798 2361 suam
851 2288 1267 2371 industriam,
1332 2293 1621 2372 dilatari,
1667 2294 1797 2359 nisi
1868 2294 2214 2361 conatibus
2262 2316 2489 2361 eorum
2553 2301 2718 2362 tem-

609 2402 829 2485 pestas
891 2397 1207 2485 ingruens
1277 2396 1595 2462 obviaret.
1711 2396 1844 2462 Sed
1913 2396 2072 2463 licet
2133 2396 2338 2464 vicini
2407 2397 2719 2484 undique,

610 2499 728 2586 qui
774 2498 1179 2572 munitiones
1240 2498 1641 2576 custodiunt,
1688 2497 1775 2564 ab
1822 2498 1915 2564 eis
1985 2520 2157 2585 saepe
2226 2500 2442 2565 multa
2503 2504 2719 2566 extor-

610 2605 874 2687 queant,
922 2605 1146 2666 tamen
1192 2620 1313 2686 pro
1358 2599 1616 2665 viribus
1662 2598 1928 2666 solliciti
1973 2606 2130 2666 sunt
2162 2600 2305 2666 Deo
2351 2606 2420 2681 et
2454 2601 2721 2667 domino

608 2724 727 2768 suo
772 2707 1001 2768 sancto
1046 2701 1349 2787 Remigio
1395 2721 1655 2767 servare
1700 2700 1921 2779 fidem,
1953 2706 2022 2767 et
2068 2703 2306 2767 vestris
2350 2724 2469 2789 per
2498 2705 2722 2770 omnia

602 2802 1014 2890 jussionibus
1060 2802 1345 2870 obedire.
1436 2802 1671 2868 Frater
1698 2803 1994 2870 Absalon
2027 2826 2172 2869 cum
2205 2805 2679 2872 redituvestro
2695 2805 2722 2846 2

610 2906 1026 2972 desiderabat
1070 2906 1466 2992 pertransire
1511 2906 1597 2972 ad
1643 2904 1807 2984 vos,3
1837 2908 1952 2972 sed
1996 2914 2264 2995 propter
2306 2908 2724 2977 imminentia

610 3007 915 3095 pericula,
964 3028 1111 3073 meo
1172 3012 1241 3073 et
1286 3005 1509 3072 fratris
1576 3008 1707 3073 mei
1772 3009 2060 3088 consilio,
2106 3031 2402 3076 reversus
2471 3017 2571 3077 est
2633 3013 2720 3078 ad

610 3111 897 3188 domum,
943 3111 1069 3188 cui,
1116 3111 1174 3174 si
1220 3109 1496 3191 abesset,
1528 3109 1848 3178 desolatio
1894 3111 2300 3178 imminebat.
2382 3112 2719 3181 Canonem

611 3233 771 3278 vero
817 3211 1257 3279 constitutum
1302 3211 1610 3297 deposuit
1670 3213 1743 3277 in
1788 3234 1991 3278 manu
2036 3215 2245 3280 vestri
2309 3211 2616 3297 Ricardi,
2641 3223 2720 3284 ut

612 3313 799 3378 illum
848 3312 1179 3398 recipiatis
1226 3312 1308 3379 de
1353 3333 1554 3379 manu
1600 3314 1759 3400 ejus,
1803 3315 1860 3378 si
1919 3315 2094 3380 forte
2139 3315 2321 3382 Deus
2365 3319 2716 3385 commodi-

614 3435 791 3480 orem
838 3412 1283 3480 intermeandi
1329 3413 1588 3480 dederit
1630 3413 2030 3480 facultatem.
2125 3417 2217 3481 Et
2261 3419 2418 3502 quia
2461 3420 2721 3487 malitia

612 3515 981 3594 invalescit,
1011 3520 1092 3581 ut
1124 3519 1428 3601 oporteat
1448 3513 1476 3554 4
1520 3515 1757 3581 fratres
1788 3517 1904 3602 qui
1951 3517 2023 3580 in
2069 3518 2263 3583 domo
2293 3524 2515 3587 vestra
2544 3527 2720 3601 sunt,

612 3624 889 3705 urgente
934 3617 1341 3694 necessitate,
1389 3622 1542 3703 post
1585 3616 1875 3684 latrones
1921 3623 1991 3684 et
2037 3619 2378 3704 praedones
2422 3644 2540 3708 per
2583 3646 2720 3690 cas-

615 3717 775 3782 tella
818 3717 1196 3795 discurrere,
1242 3722 1319 3783 ut
1341 3717 1366 3756 ³
1426 3723 1659 3783 neuter
1702 3740 1929 3784 eorum
1973 3719 2310 3786 interdum
2373 3723 2554 3790 domi
2616 3727 2718 3793 in-

612 3818 939 3899 veniatur,
1008 3817 1217 3898 nobis,
1280 3818 1337 3883 si
1405 3819 1691 3906 placeret
1757 3820 1948 3885 vobis
2009 3826 2079 3886 et
2141 3823 2412 3890 consilio
2482 3833 2718 3909 vestm,

616 3919 953 3984 videretur
983 3918 1336 3984 admodum
1373 3919 1687 4006 expedire
1719 3925 1813 3998 ut,
1849 3921 2050 3986 etiam
2097 3943 2246 3988 cum
2279 3925 2721 3997 diminutione

528 4069 535 4072 -
614 4019 837 4104 aliqua
910 4019 1264 4104 pensioniS‚
1309 4021 1667 4086 mitteretis
1737 4021 2024 4108 aliquem
2088 4023 2438 4092 honestum
2503 4035 2572 4096 et
2633 4032 2720 4097 ad

612 4119 1037 4187 necessitates
1081 4123 1465 4187 monasterii
1510 4123 1943 4208 compositum
2005 4124 2296 4208 fratrem,
2343 4131 2456 4216 qui
2501 4140 2721 4219 posset

616 4221 749 4286 illis
795 4242 930 4286 esse
977 4220 1231 4298 solatio,
1278 4227 1347 4287 et
1392 4222 1465 4285 in
1509 4223 1811 4289 absentia
1854 4223 2137 4297 aliorum
2195 4229 2718 4302 adventantibus

614 4322 1024 4409 respondere,
1071 4326 1140 4387 et
1184 4343 1304 4386 sua
1348 4323 1703 4408 praesentia
1732 4326 2076 4394 testificari
2121 4328 2336 4397 locum
2380 4333 2718 4423 religionis

614 4424 818 4489 titulo
868 4421 1142 4488 Domini
1204 4427 1665 4490 consecratum.
1760 4425 1938 4493 Nam
2002 4431 2060 4494 si
2124 4430 2221 4497 ibi
2291 4435 2721 4526 multiplicior

682 4627 697 4660 ¹
734 4625 1109 4687 humnitatem,
1147 4626 1189 4675 Z
1204 4647 1219 4689 ς
1264 4623 1615 4692 amintam,
1784 4627 1807 4662 ³
1838 4645 1944 4690 nos,
1963 4630 2026 4692 L,
2050 4631 2117 4683 G.

612 4707 674 4769 L,
699 4704 764 4756 G.
1785 4705 1808 4738 ⁴
1841 4715 2051 4773 oportet,
2074 4710 2142 4762 G.

679 4785 701 4818 ²
732 4791 921 4846 nostro,
941 4783 1005 4845 L,
1030 4783 1095 4836 G.
1782 4783 1805 4817 ὅ
1839 4802 1918 4850 ne,
1941 4788 2004 4840 Ο.
