3634 5800
635 871 767 922 Am.
807 855 1028 941 1171.]
1508 877 1871 928 EPISTOLAE.
2616 863 2743 924 465

636 1055 708 1120 in
756 1059 932 1136 urbe,
978 1059 1092 1124 sed
1161 1060 1339 1128 intra
1382 1063 1735 1141 ecclesiam,
1798 1085 1936 1128 non
1997 1069 2292 1150 tempore
2359 1058 2736 1151 prophanO,¹

638 1161 753 1224 sed
798 1161 905 1226 die
951 1183 1147 1246 quem
1210 1164 1589 1230 nativitatis
1654 1167 2000 1232 dominicae
2069 1167 2451 1233 solemnitas
2520 1187 2741 1232 eonse-

636 1260 881 1338 crabat,
926 1267 997 1326 et
1040 1264 1222 1327 omni
1260 1264 1413 1349 jure
1466 1266 1690 1332 decuit
1734 1273 1813 1331 ut
1859 1267 2101 1332 natalis
2167 1267 2327 1353 ejus,
2373 1268 2488 1352 qui
2551 1267 2742 1330 inno·

638 1368 861 1428 center
906 1369 975 1428 et
1019 1364 1427 1431 sanctissime
1471 1368 1735 1434 vixerat
1778 1369 1867 1434 ad
1911 1369 2189 1456 gloriam
2235 1368 2380 1446 Dei,
2450 1368 2740 1434 natalem

637 1467 1011 1529 sanctorum
1059 1463 1520 1532 Innocentium
1552 1466 2099 1555 consequeretur?
2191 1469 2282 1533 Et
2329 1469 2614 1553 quidem,
2663 1473 2736 1532 ut

636 1565 941 1642 creditur,
986 1587 1213 1632 necem
1257 1568 1464 1654 ipsius
1510 1571 1862 1636 traditores
1923 1591 2354 1656 procuravere
2415 1570 2740 1654 discipuli,

637 1668 1051 1735 sacerdotum
1076 1668 1103 1708 ³
1160 1671 1488 1756 principes
1540 1670 2010 1748 formaverunt,
2085 1675 2275 1737 tanto
2350 1671 2424 1736 in
2483 1671 2742 1736 malitia

636 1767 900 1836 Annam
975 1781 1045 1840 et
1119 1771 1457 1859 Caipham,
1544 1771 1836 1838 Pilatum
1912 1777 1982 1836 et
2057 1771 2388 1838 Herodem
2455 1773 2740 1858 amplius

636 1875 1095 1958 praecedentes,
1171 1881 1423 1962 quanto
1497 1875 1883 1960 diligentius
1945 1881 2400 1958 praeoaverunt
2419 1874 2447 1912 ⁴
2507 1896 2592 1940 ne
2666 1875 2739 1938 in

630 1974 955 2058 judicium
1002 1979 1391 2054 traheretur,
1444 1999 1529 2042 ne
1574 1975 2041 2043 conveniretur
2077 1976 2164 2042 ab
2229 1977 2736 2054 accusatoribus,

637 2097 721 2140 ne
762 2085 1112 2164 appareret
1154 2084 1309 2145 ante
1355 2079 1587 2144 faciem
1648 2077 1965 2164 praesidis,
2009 2099 2092 2142 ne
2156 2077 2508 2164 privilegio
2569 2078 2736 2144 sacri

636 2175 785 2256 loci,
861 2180 969 2244 vel
1048 2180 1381 2265 temporis,
1456 2183 1577 2244 aut
1653 2178 2020 2264 dignitatis,
2096 2183 2217 2242 aut
2281 2179 2542 2264 graduS,
2617 2182 2736 2243 aut

636 2279 1009 2348 reformatae
1054 2284 1233 2369 pacis
1280 2288 1348 2347 et
1413 2282 1587 2347 datae
1640 2281 2014 2346 securitatis
2081 2281 2476 2359 conditione,
2541 2284 2736 2348 sacri-

635 2380 814 2466 legas
859 2405 1095 2449 manus
1139 2385 1463 2461 evaderet,
1510 2404 1645 2448 non
1688 2381 2059 2468 gentilium,
2101 2403 2236 2448 non
2266 2383 2576 2460 hostium,
2623 2384 2739 2448 sed

638 2505 751 2549 eor
750 2507 862 2549 um
917 2487 1034 2571 qui
1077 2487 1285 2574 legem
1333 2485 1653 2551 Domini⁵
1714 2485 2196 2571 profitebantur
2242 2491 2311 2550 et
2378 2487 2738 2552 amicorum

638 2584 851 2650 fidem.
942 2587 1116 2652 Sane
1162 2589 1329 2652 mira
1373 2559 1529 2652 Dei'
1553 2587 2040 2672 omnipotentis,
2041 2586 2068 2625 ⁰
2135 2593 2372 2654 cuncta
2394 2587 2420 2628 ⁷
2482 2589 2736 2674 sapien-

641 2690 742 2750 ter
772 2692 841 2750 ct
884 2687 1235 2754 salubriter
1266 2689 1650 2765 ordinantis,
1683 2688 2170 2774 dispensatione
2217 2689 2511 2774 contigit,
2559 2691 2736 2774 quod

640 2787 755 2872 qui
799 2787 941 2854 haec
1008 2795 1147 2854 tam
1200 2790 1385 2865 male,
1432 2788 1621 2854 tam⁸
1666 2789 2086 2874 impudenter
2153 2795 2220 2854 et
2268 2790 2740 2876 imprudenter,

638 2889 935 2975 permisit
980 2891 1141 2969 fieri,
1188 2892 1412 2959 eadem
1457 2914 1595 2957 non
1642 2899 1744 2957 est
1788 2910 2018 2978 passus
2077 2891 2422 2959 abscondi:
2486 2897 2565 2958 ut
2631 2893 2738 2959 hic

640 2991 841 3056 etiam
916 2994 1369 3079 temporaliter
1448 2992 1801 3079 impleatur
1881 2994 2056 3079 quod
2121 2994 2367 3059 veritas
2443 2996 2740 3080 protulit,

640 3092 828 3171 nihil,
876 3094 1141 3172 seilicet,
1189 3117 1327 3159 esse
1372 3094 1701 3161 occultum
1746 3095 1922 3179 quod
1967 3116 2104 3161 non
2149 3095 2499 3161 reveletur.
2563 3097 2739 3162 Nam

642 3194 819 3280 quod
880 3195 961 3259 de
1008 3196 1327 3281 signifero
1401 3196 1815 3282 proditorum
1877 3196 1925 3260 J
1930 3196 2076 3272 uda,
2140 3218 2438 3263 sermone
2484 3198 2741 3277 celebri,

638 3295 985 3382 vulgatum
1030 3302 1145 3375 est,
1193 3297 1338 3383 pari
1374 3297 1525 3382 jure
1570 3296 1966 3361 trahendum
2013 3302 2114 3361 est
2157 3304 2226 3362 et
2269 3298 2356 3361 ad
2400 3300 2743 3385 complices

641 3396 798 3481 ejus,
846 3418 921 3461 eo
990 3397 1166 3482 quod
1234 3398 1315 3463 de
1378 3397 1707 3462 similibus
1769 3398 1962 3463 rebus
2014 3398 2186 3463 idem
2257 3405 2514 3465 constet
2535 3398 2562 3437 ⁹
2605 3424 2742 3469 esse

634 3496 978 3581 judicium,
1023 3503 1102 3561 ut
1148 3496 1545 3563 Christianis
1591 3496 1896 3562 omnibus
1942 3520 2025 3563 ex
2077 3498 2209 3584 fide
2253 3499 2520 3585 liqueat,
2568 3502 2744 3586 quod

640 3598 789 3664 coeli
848 3598 1240 3663 revelabunt
1284 3598 1707 3684 iniquitatem
1772 3601 2076 3684 ipsorum,
2145 3604 2215 3664 et
2258 3600 2567 3667 adversos
2635 3623 2744 3668 eos

640 3705 819 3765 terra
880 3704 1241 3787 consurget.
1338 3699 1500 3780 Quis
1566 3700 1744 3765 enim
1806 3700 2102 3765 fidelium
2149 3702 2394 3767 audeat
2437 3702 2745 3770 dubitare

640 3801 817 3887 quod
880 3801 1061 3866 Deus
1134 3806 1433 3869 auctores
1500 3806 1569 3867 et
1634 3802 2114 3915 perpetratores
2179 3804 2353 3868 tanti
2422 3805 2744 3893 sacrilegii

637 3907 759 3968 aut
802 3908 1141 3969 convertet
1183 3908 1305 3969 aut
1348 3907 1685 3970 conteret.
1664 3907 1689 3951 '²

731 4005 1048 4070 Passurus
1111 4012 1337 4070 autem
1381 4006 1453 4068 in
1523 4005 1809 4080 ecclesia,
1879 4008 1956 4069 ut
2023 4004 2276 4070 dictum
2339 4011 2458 4084 est,
2527 4028 2744 4073 coram
2771 4018 2926 4081 Story
2945 4017 3010 4067 of

640 4107 837 4173 altari
910 4112 1167 4192 martyr
1240 4105 1507 4184 Christi,
1584 4111 1941 4190 antequam
2015 4105 2340 4184 feriretur,
2337 4104 2390 4147 ¹⁰
2451 4128 2599 4173 cum
2674 4130 2743 4174 se
2769 4084 2877 4201 ἓξ,
2878 4099 3016 4134 '¹¹⁰²’

708 4355 724 4387 ¹
754 4353 1142 4421 prophanatica,
1164 4356 1221 4405 Z.
1811 4354 1832 4385 ⁵
1867 4354 2098 4415 Domini,
2120 4355 2195 4415 Z;
2230 4354 2358 4417 Dei,
2380 4356 2446 4409 G.

708 4433 729 4465 ²
762 4438 1163 4496 consequeretur,
1211 4433 1283 4494 Z;
1336 4438 1642 4497 sequeretur,
1810 4434 1832 4465 ⁶
1864 4436 2228 4499 omnipotentis,
2253 4436 2309 4495 Z,
2337 4436 2416 4496 G;
2453 4452 2553 4488 om.
2580 4438 2644 4490 Ο.

641 4513 706 4566 G.
1806 4508 1830 4547 ⁷
1863 4519 1927 4571 et,
1949 4510 2046 4561 ins.
2073 4510 2136 4562 Ο.

706 4592 727 4625 ³
760 4591 1071 4641 sacerdotum
1107 4628 1119 4640 .
1168 4628 1181 4642 .
1228 4630 1241 4643 .
1271 4592 1640 4657 formaverunt,
1808 4588 1832 4621 ³
1869 4598 1988 4650 tam,
2011 4606 2109 4639 om.
2134 4592 2198 4641 O.

636 4686 736 4721 om.
759 4670 816 4721 Z.
1808 4668 1830 4700 ⁹
1865 4674 2076 4731 canstat,
2098 4667 2162 4719 Ο.

702 4750 723 4781 ⁴
750 4756 1105 4814 peccaverunt,
1131 4748 1195 4801 G.
1810 4746 1854 4780 ¹⁰
1867 4745 2112 4811 ferirent,
2136 4748 2201 4801 O.

814 4843 847 4879 o
922 4828 1097 4878 12478.
2356 4843 2400 4897 G
2428 4846 2472 4895 (ἶ
