3634 5800
1047 831 1178 894 562
1914 839 2277 894 ems-romu.
2766 826 2937 909 [an.
2980 821 3207 892 1176.

1045 1029 1446 1096 maleficium
1514 1031 1873 1096 immanius
1920 1035 1987 1096 et
2054 1031 2529 1099 exsecrabilius
2594 1029 2915 1105 inveniri,
2966 1045 3197 1112 quam

1042 1133 1326 1216 grassari
1394 1131 1467 1196 in
1513 1131 1788 1197 christos
1854 1131 2142 1211 Domini,
2214 1138 2284 1197 et
2348 1134 2421 1197 in
2488 1131 2807 1217 populum
2876 1127 3199 1214 acquisi-

1042 1233 1245 1298 tionis
1314 1233 1523 1299 libera
1585 1234 2008 1319 impunitatis
2070 1234 2351 1300 audacia
2424 1233 2721 1319 gladium
2800 1251 3143 1296 exercerc
3172 1233 3199 1292 ’ἔ

1043 1333 1337 1421 Accepta
1400 1336 1568 1401 mihi
1645 1343 1816 1402 esset
1894 1321 2227 1403 sententia
2302 1335 3023 1403 excommunicationis
3110 1333 3195 1396 in

1041 1439 1308 1518 talibus,
1375 1440 1433 1504 si
1498 1441 1804 1506 timorem
1870 1440 2217 1506 homicidis
2285 1440 2633 1506 incuteret.
2726 1437 2886 1514 Sed,
2936 1435 3181 1520 culpis

1041 1541 1288 1605 nostris
1321 1541 1766 1628 exigentibus,
1810 1541 2071 1627 gladius
2103 1541 2286 1606 Petri
2332 1541 2639 1626 rubigine
2670 1540 3010 1605 obductus
3046 1543 3181 1611 est,

1039 1644 1111 1705 et
1156 1643 1314 1728 quia
1357 1664 1492 1708 non
1535 1650 1755 1730 potest
1799 1644 2107 1722 incidere,
2154 1643 2351 1709 datus
2396 1649 2498 1708 est
2556 1644 2628 1707 in
2674 1647 3175 1726 contemptum.

1039 1742 1114 1808 Si
1178 1765 1391 1829 capra,
1455 1746 1514 1810 si
1580 1745 1859 1824 ovicula,
1930 1744 2109 1812 furto
2154 1746 2419 1811 sublata
2480 1745 2571 1809 sit
2632 1744 2741 1810 vel
2802 1745 3045 1818 occisa,
3098 1742 3179 1806 in

1037 1844 1237 1930 hujus
1301 1847 1397 1912 rei
1465 1851 1819 1928 auctorem,
1882 1848 1941 1912 si
2006 1848 2232 1926 lateat,
2300 1847 2633 1912 sententia
2695 1846 3171 1912 excommuni-

1035 1948 1315 2014 cationis
1379 1949 1756 2030 emittitur3
1815 1949 2159 2016 convictus
2222 1971 2380 2016 vero
2445 1953 2568 2015 aut
2610 1947 2951 2014 confessus
3020 1947 3175 2010 sur-

1035 2070 1262 2114 carum
1329 2051 1629 2136 patibulo
1677 2053 2053 2139 deputatur.
2148 2052 2349 2118 Porro
2417 2051 2634 2118 clerici
2682 2049 2789 2116 vel
2854 2049 3165 2136 episcopi

1035 2152 1347 2216 occisores
1394 2152 1674 2218 Romam
1742 2155 2127 2232 mittuntur,
2170 2159 2531 2240 euntesque
2580 2154 2651 2217 in
2695 2151 2955 2217 deliciis
3002 2173 3163 2217 cum

1033 2253 1454 2338 plenitudine
1517 2256 1894 2341 apostolicae
1960 2257 2195 2343 gratiae
2260 2260 2330 2322 et
2390 2255 2640 2340 majore
2706 2253 3157 2338 delinquendi

1034 2356 1316 2422 audacia
1401 2361 1849 2424 revertuntur.
1964 2347 2227 2424 Talium
2303 2358 2672 2423 vindictam
2748 2377 3153 2422 excessuum

1035 2456 1345 2522 dominus
1391 2481 1509 2524 rex
1555 2459 1684 2525 sibi
1731 2460 2051 2537 vindicat,
2098 2461 2213 2526 sed
2273 2480 2393 2525 nos
2440 2480 2585 2525 eam
2630 2459 2823 2525 nobis
2868 2459 3155 2524 damna-

1033 2559 1259 2625 biliter
1321 2583 1755 2640 reservamuS,
1801 2566 2026 2648 atque,
2093 2563 2369 2627 liberam
2428 2561 2797 2648 praebentes
2852 2562 3159 2646 impuni-

1029 2661 1195 2725 tatis
1269 2663 1632 2740 materiam,
1709 2663 1784 2727 in
1859 2663 2078 2747 fauces
2152 2667 2416 2728 nostras
2490 2663 2807 2729 laicorum
2882 2663 3155 2749 gladios

1031 2781 1481 2845 provocamus,
1577 2763 2103 2850 Ignominiosum
2166 2771 2269 2830 est
2335 2765 2513 2850 quod
2580 2785 2703 2850 pro
2766 2785 2965 2850 capra
3036 2765 3151 2829 vel

1031 2865 1292 2931 ovicula
1335 2866 1617 2952 gravior,
1686 2888 1805 2955 pro
1868 2868 2201 2934 sacerdote
2264 2868 2476 2935 occiso
2544 2888 2743 2955 poena
2808 2869 3153 2934 remissior

1029 2966 1381 3054 irrogatur.
1475 2968 1610 3033 Sed
1670 2968 1776 3033 his
1840 2975 1910 3035 et
1955 2969 2389 3035 deterioribus
2460 2968 2647 3055 digni
2714 2990 2958 3047 sumuS,
3026 2972 3149 3055 qui

1017 3069 1555 3154 jurisdictionem
1629 3071 1918 3137 alienam
1996 3077 2064 3136 et
2154 3072 2346 3137 nobis
2423 3072 2689 3137 omnino
2766 3072 3145 3137 indebitam

1027 3172 1390 3238 ambitione
1436 3174 1791 3239 temeraria
1858 3195 2267 3261 usurpamus
2362 3174 2539 3239 Nam
2601 3179 2671 3240 et
2734 3174 2805 3239 in
2866 3196 3147 3261 corpore

1026 3274 1434 3340 decretorum
1480 3279 1549 3340 et
1593 3276 1666 3339 in
1710 3275 1991 3362 epistola
2034 3276 2122 3341 ad
2188 3276 2518 3343 Romanos
2580 3276 2722 3341 haec
2768 3277 2967 3341 verba
3016 3298 3145 3342 nos

690 3366 933 3496 [ξῖἒὲ
1025 3375 1257 3461 legisse
1323 3377 1777 3443 meminimus:
1852 3378 2087 3444 “Sunt
2143 3378 2449 3464 quaedam
2519 3378 2814 3444 enormia
2874 3378 3145 3466 flagitia

690 3499 728 3547 ti
731 3515 813 3549 ειμι
839 3502 912 3551 11.
1045 3485 1254 3563 ‘quae
1318 3480 1540 3565 potius
1605 3501 1724 3565 per
1786 3480 2019 3544 mundi
2076 3479 2333 3565 judices
2380 3500 2579 3566 quam
2641 3502 2761 3565 per
2804 3482 3137 3547 rectores¹

691 3582 795 3618 ⁸¹¹¹
763 3586 831 3619 ¹¹·
854 3570 900 3628 ⁵
918 3574 1040 3621 3⁹*
1043 3587 1175 3646 ‘et
1240 3582 1497 3668 judices
1563 3581 1981 3648 ecclesiarum
2036 3583 2471 3668 judicantur3
2579 3583 2755 3648 sicut
2815 3588 2917 3648 est
2976 3604 3139 3648 cum

1023 3692 1057 3719 ‘¹
1105 3685 1253 3771 quis
1317 3684 1628 3750 interficit
1693 3684 2073 3770 pontificem
2142 3684 2591 3770 apostolicum,
2672 3683 3137 3771 [episcopum‚]

1023 3793 1058 3820 “
1107 3787 1584 3871 presbyterum,
1644 3787 1784 3851 sive
1832 3787 2199 3853 diaconum.
2290 3786 2693 3872 Hujusmodi
2740 3807 2880 3851 reos
2944 3808 3139 3872 reges

1020 3896 1057 3923 “
1103 3894 1171 3954 et
1215 3890 1542 3975 principes
1588 3889 1823 3953 mundi
1869 3888 2239 3955 damnant.”
2334 3888 2567 3954 Omnis
2628 3888 2931 3973 equidem
2982 3888 3137 3973 jus-

1024 3991 1178 4056 titia
1243 3990 1392 4055 ideo
1460 3994 1819 4067 exercetur,
1886 3994 1963 4054 ut
2025 3990 2252 4055 debita
2297 3990 2519 4076 quiete
2588 3989 2875 4075 gaudeat
2935 3990 3131 4056 inno-

1021 4091 1243 4157 centia
1289 4100 1356 4156 et
1401 4091 1914 4177 malignantium
1960 4092 2302 4157 temeritas
2346 4090 2749 4156 refraenetur.
2842 4090 3129 4157 Verum-

1019 4200 1246 4259 tamen
1287 4193 1360 4256 in
1406 4192 1530 4257 hac
1589 4192 2052 4277 jurisdictione
2112 4191 2481 4269 maledicta,
2532 4213 2728 4277 quam
2774 4192 3131 4259 ambitiose

1021 4299 1091 4360 et
1136 4294 1411 4380 superbe
1457 4294 1938 4379 praesumimus,
1970 4294 2189 4359 Deum
2236 4292 2636 4359 offendimus
2666 4297 2735 4358 et
2778 4293 3131 4361 dominum

1017 4418 1252 4483 regem,
1284 4398 1592 4483 viamque
1623 4397 1696 4461 in
1727 4396 1995 4463 clericos
2035 4395 2445 4485 malignandi
2490 4397 2891 4465 tutissimam
2936 4397 3131 4463 laicis

1013 4486 1360 4584 &sperimus
1435 4498 1669 4585 Nuper
1711 4501 1893 4586 apud
1938 4498 2351 4566 Wintoniam
2380 4500 2693 4578 sacerdos,
2724 4499 3131 4566 litteraturae

1079 4768 1097 4803 ¹
1135 4770 1385 4821 antistites
1407 4776 1456 4820 et
1477 4776 1710 4834 rectores,
1734 4772 1879 4825 Grat.
2040 4769 2053 4827 Ι
2182 4770 2204 4803 ²
2236 4770 2583 4834 vindicantur,
2608 4771 2750 4824 Grst.
