3634 5800
863 841 993 910 272
1740 856 2098 906 EPISTOLAE.
2590 840 2746 924 [Am.
2781 837 2972 908 1170.

862 1045 1041 1109 hunc
1086 1045 1252 1110 moti
1295 1049 1469 1109 sunt.
1564 1044 1843 1108 Plurimi
1888 1067 2064 1120 vero,
2111 1049 2188 1107 ut
2233 1044 2502 1109 domino
2546 1065 2691 1108 meo
2737 1065 2968 1108 verum

864 1147 1087 1211 dicens
1133 1167 1270 1210 non
1314 1166 1593 1231 parcam,
1640 1146 1891 1231 justius
1936 1149 2431 1230 conqueruntur
2475 1144 2651 1229 quod
2697 1143 2968 1220 nullam,

864 1247 1174 1313 videlicet
1248 1246 1567 1311 absentiae
1644 1252 1882 1311 ve’strae
1958 1252 2098 1310 tam
2161 1244 2418 1330 longaest
2477 1266 2597 1330 per
2672 1245 2968 1331 proprios

863 1349 1135 1413 nuntios
1180 1352 1436 1412 vestros
1482 1369 1599 1412 seu
1662 1347 1922 1412 litteras
1969 1348 2480 1414 consolationem
2543 1349 2967 1423 meruerunt3

863 1456 945 1526 et,
994 1454 1072 1514 ut
1129 1450 1201 1513 in
1264 1448 1388 1514 hoc
1446 1449 1744 1526 audeam,
1798 1451 1985 1535 justa
2031 1449 2296 1513 omnino
2342 1449 2752 1533 querimonia
2809 1448 2964 1512 haec.

862 1551 1112 1616 Verum
1158 1571 1460 1616 excessus
1520 1548 1591 1613 hi
1652 1552 1913 1615 veniam
1974 1549 2163 1615 facile
2222 1549 2692 1634 impetrabunt,
2735 1550 2792 1614 si
2852 1550 2968 1614 ab·

866 1653 1100 1717 sentiae
1166 1652 1485 1716 desolatio
1554 1651 1687 1717 cita.
1754 1653 2126 1737 praesentiae
2185 1656 2422 1715 vestrae
2489 1651 2626 1716 laeti
2634 1651 2729 1716 tia
2789 1672 2962 1715 eom-

866 1759 1225 1840 pensetur3
1274 1755 1451 1838 quod
1498 1755 1689 1818 nobis
1718 1758 1997 1839 praestet
2041 1773 2320 1838 magnus
2365 1752 2478 1816 ille
2523 1752 2664 1816 dux
2707 1752 2965 1816 itineris

868 1854 1071 1919 vestri
1117 1854 1249 1939 qui,
1296 1855 1469 1918 sicut
1512 1859 1831 1939 speratur,
1893 1875 2274 1939 prosperum
2336 1852 2539 1918 faciet
2583 1852 2774 1917 vobis
2817 1854 2962 1928 iter,

871 1954 1053 2020 Deus
1100 1954 1491 2020 salutarium
1539 1958 1930 2018 nostrorum.

1783 2351 2041 2418 DCLV.

867 2510 1143 2574 THOMAE
1190 2507 1726 2574 CANTUARIENSI
1773 2519 2318 2569 ABCHIEPISCOPO
2363 2519 2642 2578 QUIDAM
2683 2518 2908 2567 Amcu
2909 2519 2960 2567 S.

1253 2657 1349 2720 (Ο.
1378 2661 1502 2716 199;
1538 2657 1595 2706 Ζ.
1618 2655 1669 2705 ii.
1694 2661 1793 2714 563
1830 2657 1960 2720 Lup.
1981 2657 2049 2705 iv.
2075 2661 2170 2717 483
2206 2655 2392 2706 Thom.
2416 2657 2558 2716 388.)

526 2810 793 2927 affl?
863 2782 2960 2970 ³01225?saeffssaenofiffiffississssssssimf'ffismssffissmmfflefflss

530 2943 835 3005 spondence.
860 2993 1056 3053 tenus
1102 2987 1303 3064 decet,
1350 3008 1499 3053 cum
1568 2986 1688 3049 vix
1748 2984 1988 3070 aliquis
2033 2988 2152 3049 aut
2221 2984 2355 3049 fere
2423 2984 2646 3049 nullus
2691 2985 2777 3050 ad
2842 3006 2960 3049 vos

726 3084 733 3089 ’
861 3110 903 3153 a
948 3089 1150 3154 Curia
1194 3109 1560 3175 processum
1593 3086 1852 3165 habeat,
1884 3087 1989 3151 cui
2021 3091 2270 3151 secreta
2299 3086 2636 3150 literarum
2667 3086 2917 3151 indicia
2937 3084 2964 3124 ²

862 3190 1189 3256 committi
1232 3189 1505 3276 possint,
1555 3193 1622 3253 et
1666 3209 1817 3253 cum
1864 3187 2052 3252 vobis
2105 3187 2321 3272 plures
2366 3187 2624 3251 litteras
2671 3187 2959 3252 destina-

862 3292 1075 3357 verim
1140 3312 1290 3376 quae
1356 3291 1443 3358 ad
1505 3289 1926 3376 praesentiam
1993 3294 2297 3365 vestram,
2367 3290 2539 3353 sicut
2599 3310 2718 3374 pro
2786 3294 2962 3354 certo

862 3393 1080 3471 didici,
1127 3413 1466 3477 nunquam
1512 3396 1970 3476 pervenerunt.
2064 3390 2305 3456 Sciatis
2351 3392 2594 3477 quippe
2641 3413 2745 3455 me
2791 3391 2961 3457 circa

862 3496 1129 3581 negotia
1194 3500 1421 3559 vestra
1480 3493 1838 3557 sollicitum
1885 3497 1953 3556 et
1997 3492 2384 3577 vigilantem
2451 3514 2568 3578 pro
2635 3494 2960 3579 possibili-

861 3596 1021 3662 tatis
1068 3616 1229 3661 meae
1275 3594 1528 3659 viribus
1574 3595 1924 3670 exstitisse,
1969 3598 2040 3657 et
2081 3594 2167 3658 ad
2213 3615 2436 3659 eorum
2482 3596 2957 3679 promotionem

860 3698 1214 3783 diligenter
1286 3696 1662 3772 intendisse,
1731 3695 2064 3782 praeoipue
2137 3716 2256 3780 per
2329 3695 2716 3781 magistrum
2780 3696 2960 3761 Wal-

859 3805 1095 3876 ter-um,
1127 3799 1241 3883 qui
1286 3818 1422 3883 prae
1466 3798 1771 3863 omnibus
1812 3795 2183 3882 specialiter
2225 3817 2346 3881 pro
2390 3797 2632 3862 eisdem
2678 3800 2960 3885 negotiis

859 3900 1323 3988 promovendis
1367 3900 1547 3985 apud
1592 3899 1934 3964 dominum
1997 3919 2236 3984 papam
2297 3898 2645 3965 efficaciter
2703 3900 2956 3966 labora-

858 4003 979 4079 vit,
1027 4007 1096 4067 et
1162 4002 1307 4086 ipsa
1352 4000 1820 4067 conscribendo
1865 4000 1951 4064 ad
2021 3999 2466 4065 desideratum
2534 3999 2752 4077 finem,
2813 4000 2956 4067 Deo

857 4104 1141 4180 volente,
1215 4102 1545 4188 perduxit.
1670 4101 1862 4166 Sicut
1937 4101 2113 4165 enim
2189 4102 2261 4184 in
2336 4099 2577 4165 litteris
2640 4105 2709 4165 et
2775 4108 2957 4167 tran-

856 4203 1119 4290 scriptis
1166 4202 1290 4267 sub
1352 4202 1536 4266 bulla.
1598 4200 1854 4279 clausis,
1918 4222 2068 4285 quae
2113 4222 2155 4265 a
2222 4200 2487 4265 domino
2553 4223 2727 4287 papa
2771 4203 2958 4267 vobis

856 4305 1255 4390 diriguntur,
1302 4302 1676 4367 evidentius
1725 4301 1953 4365 videre
1998 4302 2276 4387 potestis
2318 4302 2674 4387 petitiones
2721 4310 2956 4371 vestrae

852 4407 1157 4471 'debitum
1202 4403 1457 4469 sortitae
1502 4405 1661 4466 sunt
1706 4401 2030 4466 effectum.
2123 4400 2453 4467 Caeterum
2515 4403 2955 4474 Londoniensi

925 4636 939 4669 1
979 4634 1139 4699 lonqe,
1174 4634 1238 4685 G.
1311 4633 1445 4695 (The
1481 4630 1599 4681 MS.
1638 4646 1758 4695 may
1796 4634 1860 4681 be
2019 4631 2041 4662 ²
2071 4630 2281 4690 inducta,
2308 4630 2373 4692 V,
2397 4632 2473 4691 Z;
2506 4646 2604 4682 om.
2629 4630 2672 4681 1:

857 4711 1169 4765 understood
1190 4710 1243 4759 in
1268 4708 1435 4760 either
1458 4711 1613 4774 way.)
