3634 5800
609 867 761 924 .Δ.Ι>.
799 853 1020 938 11⁷0]
1499 869 1860 918 Erisrom.
2610 857 2741 921 335

641 1073 888 1120 errores
933 1075 1088 1120 suos
1157 1054 1558 1142 impunitate
1620 1056 1855 1122 donari
1921 1055 2303 1132 moliuntur,
2362 1055 2755 1122 auctoritate

643 1160 714 1221 et
741 1159 1070 1222 consortio
1113 1157 1312 1244 regiae
1345 1157 1728 1244 majestatis.
1822 1156 1922 1222 Hi
1964 1179 2085 1224 nos
2130 1158 2203 1222 in
2247 1162 2487 1224 sortem
2518 1157 2752 1226 Balaa-

644 1255 958 1323 mitarum
1032 1263 1356 1324 conantur
1433 1259 1795 1345 impellere,
1854 1265 1956 1336 ut,
2018 1257 2433 1324 vivificantes
2494 1261 2747 1326 animas

643 1379 792 1443 quae
857 1379 994 1424 non
1069 1359 1332 1436 vivunt,
1417 1359 1799 1425 criminosos
1872 1359 1947 1423 in
2007 1359 2241 1424 scelere
2318 1359 2751 1444 deprehensos

646 1458 1064 1526 absolvamus
1138 1461 1280 1527 sine
1376 1461 1773 1547 poenitentia
1849 1466 1919 1526 et
1992 1460 2394 1528 confessione
2470 1462 2753 1541 erroris;

645 1580 844 1645 quam
908 1562 1140 1647 utique
1210 1567 1610 1648 potestatem
1677 1561 1861 1626 Deus
1922 1582 2043 1627 nec
2102 1561 2219 1626 alii
2279 1559 2581 1640 indulsit,
2632 1583 2754 1630 nec

643 1660 924 1726 retinuit
990 1662 1131 1728 sibi.
1223 1662 1377 1728 Nisi
1447 1662 1997 1748 adquieverimus,
2066 1682 2293 1747 pacem
2361 1667 2432 1726 et
2492 1682 2750 1730 concor-

648 1761 824 1828 diam
873 1783 1023 1828 cum
1067 1763 1335 1830 domino
1381 1785 1534 1850 rege
1581 1765 1817 1830 initam
1871 1763 2335 1828 machinantur
2376 1761 2753 1851 infringere.

647 1861 796 1939 Sed,
864 1863 1008 1929 Deo
1074 1870 1360 1945 auctore,
1441 1885 1562 1931 nec
1631 1866 1724 1929 sic
1803 1885 1925 1930 nos
1976 1864 2295 1929 inducent
2358 1868 2454 1938 ut,
2530 1865 2751 1930 sedem

645 1969 966 2050 ponentes
1011 1987 1095 2031 ex
1143 1967 1420 2032 adverso
1463 1965 1814 2043 Altissimi,
1874 1965 2231 2052 gloriemur
2288 1965 2576 2030 inaniter
2632 1987 2753 2033 nos

653 2070 775 2130 aut
798 2065 822 2104 ¹
889 2066 1226 2134 vivificare
1293 2089 1455 2153 quos
1525 2067 1899 2144 mortificat,
1944 2073 2063 2131 aut
2136 2066 2529 2132 mortificare
2590 2090 2753 2155 quos

641 2165 752 2234 ille
799 2167 1108 2235 vivificat.
1189 2168 1462 2236 Certum
1509 2170 1684 2234 enim
1733 2175 1837 2234 est
1865 2168 2379 2255 quanticumque
2402 2165 2429 2206 ²
2472 2171 2754 2255 pastoris

650 2270 1046 2338 sententiam
1101 2272 1253 2357 jure
1330 2271 1770 2338 meracissimo
1797 2269 1824 2308 ⁸
1896 2291 2031 2336 non
2095 2275 2336 2347 tenere,
2402 2271 2459 2336 si
2527 2271 2755 2338 divino

649 2370 902 2456 judicio
978 2371 1382 2457 reprobatur.
1509 2371 1650 2437 Nos
1726 2376 1952 2437 tamen
2024 2371 2150 2436 sub
2234 2372 2379 2457 ipso
2463 2373 2751 2440 discessu
2780 2381 3025 2446 Proposal

655 2477 902 2552 nostro,
947 2473 1089 2538 sive
1135 2475 1281 2559 paci
1349 2474 1685 2553 invidens,
1731 2473 1872 2538 sive
1916 2473 2144 2540 amicis
2190 2479 2258 2538 et
2322 2473 2754 2542 familiaribus
2780 2446 2840 2498 of
2857 2443 3061 2498 Amulf.

657 2575 1022 2659 prospicere
1089 2575 1336 2651 volens,
1400 2576 1487 2640 ad
1559 2575 1967 2654 instantiam,
2015 2575 2187 2640 sicut
2253 2574 2513 2652 dicitur,
2580 2577 2758 2643 Gau-

655 2675 823 2740 fredi
871 2675 1365 2742 Oantuariensis
1414 2675 1881 2752 archidiaconi,
1950 2676 2377 2742 Lexoviensis
2422 2678 2761 2765 episcopus

657 2777 816 2842 satis
861 2783 1094 2864 argute
1140 2782 1209 2842 et
1267 2779 1612 2856 instanter,
1659 2799 1830 2864 rege,
1876 2778 2211 2864 episcopis,
2256 2783 2326 2843 et
2385 2780 2761 2864 proceribus

661 2879 1122 2966 praesentibuS,
1187 2880 1576 2947 sollicitavit
1639 2880 1811 2947 circa
1873 2879 2227 2947 articulum
2272 2880 2493 2959 istum,
2539 2882 2761 2949 dicens

657 2984 954 3065 oportere
1001 2986 1098 3059 ut,
1128 2982 1686 3066 quemadmodum
1718 2981 2023 3045 dominus
2068 3002 2188 3045 rex
2232 2980 2458 3046 fideles
2501 2988 2761 3049 nostros

659 3080 732 3145 in
793 3082 1079 3167 gratiam
1155 3087 1508 3167 receperat,
1587 3081 1685 3147 ita
1757 3102 1879 3145 nos
1943 3102 2169 3147 omnes
2244 3082 2359 3166 qui
2421 3103 2573 3148 cum
2644 3084 2760 3149 illo

657 3188 982 3250 steterant-
1043 3184 1118 3249 in
1178 3182 1461 3269 gratiam
1527 3182 1980 3268 reciperemus
2098 3181 2223 3248 Cui
2290 3184 2761 3270 respondimus,

662 3285 772 3351 hic
819 3286 904 3373 (si
971 3285 1259 3371 placeret
1328 3285 1461 3367 illi)
1533 3284 2025 3351 distinctionem
2089 3286 2450 3351 necessario
2521 3287 2765 3352 admit·

661 3387 946 3453 tendam.
1025 3386 1092 3451 N
1095 3408 1202 3452 am
1251 3387 1324 3450 in
1374 3387 1468 3451 eis
1517 3407 1798 3471 quorum
1830 3386 2327 3452 advocationem
2370 3394 2763 3473 susceperat,

662 3494 852 3555 erant
949 3488 1248 3554 homines
1325 3488 1609 3554 diversae
1703 3488 2115 3564 conditioniS,
2191 3494 2257 3553 et
2328 3487 2443 3552 alii
2526 3510 2764 3557 nocen-

662 3590 864 3655 tiores
930 3589 1049 3655 alii
1113 3590 1374 3668 minus;
1434 3590 1552 3653 alii
1621 3589 1694 3653 in
1758 3589 2214 3655 communione
2278 3588 2583 3667 ecclesiae,
2647 3590 2761 3656 alii

663 3691 1211 3757 excommunicati
1257 3694 1569 3757 contactu
1595 3691 1621 3729 4
1653 3696 1722 3755 et
1769 3689 2279 3776 participatione
2322 3690 2763 3758 anathematis

661 3800 781 3859 aut
823 3792 1190 3874 sententia3
1251 3793 1366 3858 alii
1427 3794 1500 3857 in
1547 3794 1789 3857 summi
1850 3790 2180 3877 pontificis
2226 3792 2760 3860 constitutionem

663 3895 1046 3972 inciderant,
1095 3900 1165 3960 et
1231 3895 1408 3963 sine,
1443 3896 1845 3960 auctoritate
1916 3894 2055 3980 ejus
2124 3894 2379 3959 absolvi
2421 3915 2558 3959 non
2619 3917 2765 3981 pos—

663 4006 857 4077 sunt3
903 4001 1019 4067 alii
1067 4022 1150 4066 ex
1196 4000 1402 4065 variis
1448 4000 1662 4065 causis
1706 4021 1748 4065 a
1791 4000 1981 4065 nobis
2012 3998 2121 4063 vel
2166 3998 2251 4062 ab
2295 4000 2444 4065 aliis
2488 4000 2767 4086 pastori-

665 4104 788 4169 bus
833 4103 970 4167 suis
1022 4102 1208 4189 justo
1251 4105 1413 4166 sunt
1473 4101 1896 4167 anathemate
1957 4101 2393 4166 condemnati.
2483 4101 2765 4167 Proinde

665 4204 740 4268 in
803 4190 1098 4290 personis
1145 4209 1214 4269 et
1258 4201 1476 4269 causis
1549 4208 1690 4268 tam
1759 4201 2190 4277 dissimilibus
2252 4203 2423 4267 ratio
2482 4203 2653 4289 juris
2696 4210 2767 4269 et

663 4305 1000 4390 aequitatis
1064 4309 1254 4370 vetat
1316 4303 1492 4368 idem
1557 4325 1694 4369 esse
1751 4302 2093 4387 judicium.
2186 4303 2328 4370 Nos
2389 4310 2613 4370 autem
2680 4306 2767 4371 ad

728 4581 744 4613 ¹
782 4581 1037 4644 vivificare
1081 4588 1174 4631 aut
1203 4582 1496 4645 justificare
1543 4596 1662 4645 quos
1832 4580 1854 4612 ³
1889 4580 2237 4641 vivacissimo,
2260 4580 2327 4637 A,
2355 4580 2418 4641 O,
2438 4582 2594 4643 V‚z;
2627 4600 2771 4633 vera-

668 4660 756 4711 ille
777 4677 894 4723 non,
919 4662 962 4710 L
989 4660 1097 4723 (sor
1121 4668 1210 4709 aut
1249 4697 1260 4708 .
1299 4696 1310 4709 .
1349 4695 1360 4708 .
1397 4658 1528 4719 ille).
1765 4658 1977 4718 cissimo,
2002 4658 2068 4708 L.

721 4738 744 4771 ⁹
778 4754 1133 4802 quamcunque,
1157 4740 1220 4790 G.
1836 4736 1857 4767 ⁴
1891 4742 2165 4797 contractu,
2190 4736 2246 4785 Z.
