3634 5800
641 861 777 910 ΑΛ).
819 849 1043 932 1169.]
1524 863 1883 912 EPISTOLAE.
2674 846 2759 915 87

636 1059 670 1086 “
717 1050 989 1117 ecclesia
1033 1072 1261 1137 pacem
1324 1053 1465 1117 sine
1529 1051 1942 1138 protectione
2012 1052 2210 1138 regia,
2259 1046 2758 1137 consequatur‚''

639 1155 932 1220 Genibus
962 1155 1191 1240 itaque
1212 1155 1239 1194 1
1267 1156 1542 1242 pietatis
1585 1161 1843 1232 vestrae,
1889 1163 2143 1241 quanta
2173 1176 2522 1240 possumus
2559 1155 2759 1220 devo-

639 1256 841 1334 tione,
901 1257 1221 1334 advoluti,
1285 1258 1671 1343 suppliciter
1734 1257 2108 1341 obnixeque
2173 1255 2599 1340 deposcimus,
2670 1278 2755 1321 ne

641 1358 971 1443 sapientia
1013 1364 1236 1423 vestra
1266 1360 1455 1444 quasi
1499 1358 1875 1424 litterarum
1922 1359 2137 1444 apices
2182 1363 2251 1422 et
2296 1358 2754 1443 conceptiones

644 1460 997 1525 verborum
1042 1461 1264 1549 potius
1310 1481 1510 1545 quam
1554 1481 1694 1524 rem
1753 1460 1969 1543 ipsam
2039 1459 2310 1524 duxerit
2353 1459 2755 1544 amplecten-

647 1559 808 1638 das?
836 1562 967 1637 sed,
996 1562 1358 1626 secundum
1402 1582 1445 1627 a
1487 1561 1631 1627 Deo
1676 1562 1910 1626 datum
1940 1560 2131 1625 vobis
2174 1561 2486 1646 spiritum
2516 1562 2756 1627 discre-

647 1664 868 1740 tioniS,
913 1663 983 1727 id.
1049 1664 1229 1749 agite
1291 1685 1376 1728 ne
1421 1684 1617 1727 causa
1661 1663 1862 1727 unius
1927 1663 2002 1726 in
2047 1663 2412 1727 multorum
2476 1668 2546 1728 et
2614 1664 2754 1730 fere

647 1767 1230 1832 innumerabilium
1261 1766 1616 1852 perniciem
1646 1771 2087 1832 convertatur.
2180 1767 2352 1847 Quia
2380 1769 2466 1832 ad
2511 1769 2758 1833 bonum

649 1868 828 1953 pacis
903 1867 1294 1953 quandoque
1370 1867 1581 1952 magis
1671 1867 1936 1953 proficit
2009 1869 2449 1934 mansuetudo
2523 1871 2757 1955 gratiae

650 1990 852 2056 quam
898 1969 1213 2035 severitas
1259 1968 1639 2053 disciplinae.

1551 2391 1856 2457 DLXVI.

859 2540 1304 2606 ALEXANDRO
1350 2555 1549 2606 PAPAE
1597 2541 2031 2608 BERNARnUs
2076 2541 2145 2607 N
2150 2557 2568 2607 IVERNENSIS
2625 2556 2634 2563 ·

1508 2659 1903 2710 EPISGOPUS.

843 2795 939 2857 (A.
970 2799 1095 2857 1333
1137 2796 1201 2847 o.
1225 2794 1279 2844 ii.
1309 2798 1435 2855 1253
1473 2796 1531 2846 z.
1555 2794 1627 2845 iii.
1652 2802 1754 2857 223
1791 2795 1925 2861 Lup.
1949 2795 2023 2846 iii.
2048 2802 2144 2856 223
2182 2796 2247 2848 e.
2273 2797 2390 2847 rol.
2414 2797 2559 2857 455.)

748 2924 912 2992 Post
954 2927 1345 2991 nuntiorum
1376 2931 1748 2992 vestrorum
1795 2948 1837 2992 a
1878 2929 2146 2993 domino
2190 2950 2343 3014 rege
2390 2929 2764 3004 discessum,
2787 2957 2984 3019 Report
3005 2955 3064 3005 of

663 3028 748 3092 ad
780 3029 990 3114 ipsius
1011 3026 1036 3067 ³
1080 3030 1333 3095 curiam
1379 3029 1574 3093 citati
1613 3030 1940 3107 venimus,
1968 3030 2197 3115 ibique
2243 3052 2329 3094 ex
2373 3036 2553 3095 certa
2598 3031 2763 3095 rela-
2788 3023 3010 3139 {caing
3032 3029 3083 3072 Μ

661 3130 843 3194 tione
860 3127 889 3166 ⁴
930 3130 1588 3216 archiepiscoporum,
1634 3131 2113 3216 episcoporum,
2145 3136 2213 3196 et
2243 3132 2520 3196 aliorum
2569 3137 2763 3198 terrae
2789 3089 3007 3207 egat-5³⁸

663 3253 798 3296 suae
846 3233 960 3316 qui
992 3232 1077 3296 ob
1121 3231 1245 3298 hoc
1273 3236 1721 3297 convenerant
1748 3238 2156 3318 magnatum,
2187 3233 2556 3317 accepimus
2587 3234 2765 3317 quod

664 3333 841 3397 idem
889 3332 1194 3397 dominus
1255 3354 1376 3397 rex
1435 3333 1707 3398 nuntios
1776 3339 2032 3399 vestros
2078 3339 2149 3398 et
2215 3334 2475 3399 litteras
2539 3334 2766 3401 debita

667 3435 1095 3500 veneratione
1159 3440 1552 3520 susceperat,
1601 3436 1845 3521 quippe
1914 3437 2028 3522 qui
2083 3437 2144 3501 ei
2208 3441 2584 3522 promptam
2652 3436 2764 3501 be-

667 3537 1025 3622 nignitatis
1070 3540 1313 3600 vestrae
1358 3537 1644 3622 gratiam
1693 3538 2081 3623 promittere
2111 3537 2529 3603 videbantur.
2606 3538 2765 3603 Pro-

667 3639 902 3726 positis
947 3638 1273 3722 siquidem
1319 3638 1405 3702 ab
1450 3639 1546 3702 eis
1592 3639 2030 3724 petitionibus
2076 3639 2332 3717 vestris,
2366 3640 2449 3704 de
2493 3639 2764 3705 consilio

669 3741 1141 3826 praedictorum
1188 3740 1592 3825 optimatum
1639 3762 1925 3818 suorum,
1984 3741 2343 3826 praefatum
2388 3762 2611 3827 regem
2655 3741 2768 3805 be-

669 3843 871 3928 nigne
918 3841 1328 3926 respondisse
1393 3842 1777 3906 asserebant
1829 3842 2024 3926 quod,
2069 3863 2188 3928 pro
2250 3863 2471 3907 amore
2543 3841 2725 3926 [Dei]
2745 3841 2770 3879 ⁵

673 3950 744 4009 et
817 3945 1066 4009 honore
1129 3949 1368 4019 vestm,
1435 3944 1999 4029 archiepiscopum
2069 3942 2616 4009 Cantuariensem
2682 3945 2769 4008 ad

671 4046 1311 4131 archiepiscopatum
1373 4066 1566 4109 suum
1630 4044 1860 4121 redire,
1905 4051 1976 4110 et
2018 4046 2243 4110 omnia
2286 4067 2435 4130 quae
2498 4045 2770 4111 tenebat

744 4275 761 4307 ¹
796 4277 862 4324 So
886 4273 957 4332 A,
993 4274 1058 4332 Ο,
1094 4273 1150 4323 Ζ.
1218 4273 1397 4336 Lupus
1431 4276 1582 4323 reads
1619 4288 1675 4323 as
1834 4273 1855 4305 ²
1890 4271 2306 4337 amplectandam,
2340 4274 2404 4335 O,
2438 4274 2525 4333 A;
2560 4275 2769 4339 amplec-

675 4355 896 4414 follows,
918 4354 1005 4402 the
1022 4354 1186 4402 words
1203 4351 1255 4402 in
1266 4353 1505 4402 brackets
1520 4352 1676 4418 being
1769 4351 1959 4412 tendas,
1980 4352 2039 4401 L.

676 4436 857 4483 absent
888 4431 941 4480 in
964 4432 1037 4492 V,
1068 4432 1172 4481 and
1213 4431 1444 4494 supplied
1480 4431 1548 4495 by
1590 4431 1678 4480 the
1838 4432 1860 4464 ³
1894 4429 1965 4480 ad
2006 4431 2184 4494 ipsius,
2217 4432 2286 4492 A,
2327 4433 2392 4493 O,
2430 4435 2503 4493 Z;
2539 4449 2641 4485 om.
2685 4436 2769 4497 V;

675 4512 796 4575 help
842 4509 902 4560 of
953 4510 1042 4559 the
1097 4509 1364 4575 following
1418 4509 1566 4559 letter
1588 4528 1680 4560 ε-
1772 4511 1949 4574 ipsius,
1973 4525 2073 4560 om.
2099 4509 2170 4560 L.

688 4587 917 4638 Genibus
940 4589 1113 4650 itaque
1135 4586 1447 4652 [provoluti]
1467 4586 1682 4651 pietatis
1839 4588 1859 4620 ⁴
1895 4587 2162 4651 leyatione,
2200 4591 2277 4649 V;
2323 4589 2644 4656 alleqatioue,
2686 4596 2728 4646 Z
2757 4616 2771 4656 ς

685 4673 885 4724 vestroe,
913 4673 1107 4728 quanta
1131 4681 1396 4729 possumus
1428 4665 1683 4715 devotione
1774 4664 2035 4725 relatione,
2058 4667 2128 4726 A,
2153 4667 2217 4728 0,
2239 4666 2307 4718 L.

691 4744 1039 4812 [sanctitatem
1062 4750 1277 4794 vestram
1298 4743 1606 4810 exoramus}
1843 4744 1864 4776 ⁵
1899 4745 2026 4806 Dei,
2052 4747 2108 4795 Z.
