3634 5800
985 905 1117 969 286
1868 918 2228 968 EmsroLAE.
2695 904 2855 988 [Am.
2891 908 2925 969 1
2938 902 3083 976 1⁷0.

989 1110 1071 1170 ut
1131 1105 1333 1183 scitis
1379 1125 1516 1171 non
1579 1105 2052 1191 prosequendae
2118 1101 2585 1192 appellationis
2648 1107 3084 1194 indulgentia.

992 1207 1270 1272 Interim
1331 1208 1390 1271 si
1449 1213 1641 1293 pater
1697 1213 1938 1284 noster,
1987 1208 2293 1272 dominus
2341 1206 2840 1274 Cantuariensis
2886 1209 3089 1274 vellet

989 1309 1216 1376 ablata
1259 1309 1616 1390 remittere,
1649 1314 1734 1387 et,
1768 1310 2210 1395 perniciosum
2240 1311 2666 1396 composition
2674 1311 2731 1375 is
2776 1311 3085 1376 ineundae

985 1411 1338 1477 coaetaneis
1383 1416 1452 1476 et
1496 1411 1775 1497 posteris
1820 1411 2111 1497 praebere
2156 1411 2551 1497 exemplum,
2585 1431 2810 1497 pacem
2858 1413 3087 1488 facere,

985 1514 1175 1579 vobis
1220 1535 1354 1577 non
1431 1513 2007 1599 interponentibus
2083 1519 2302 1598 partes
2364 1519 2634 1591 vestras,
2700 1536 2851 1580 cum
2922 1535 3088 1600 rege,

983 1619 1296 1703 potuerat
1362 1622 1430 1680 et
1489 1615 1701 1680 redire
1761 1613 1833 1678 in
1894 1617 2179 1701 gratiam
2240 1615 2714 1683 familiaritatis
2778 1616 3087 1701 antiquae.

989 1717 1122 1784 Sed
1168 1717 1347 1782 absit
1382 1717 1522 1782 haec
1563 1717 1708 1781 lues
1753 1737 1793 1782 a
1839 1716 2174 1781 mentibus
2218 1717 2477 1794 nostrie,
2510 1722 2606 1793 ut,
2640 1738 2759 1802 pro
2794 1716 3091 1802 quolibet

989 1817 1340 1904 temporali
1387 1817 1847 1894 emolumento,
1886 1817 2269 1903 jugulemus
2330 1818 2588 1882 animas
2640 1823 2936 1896 nostras3
2989 1817 3090 1880 in-

987 1920 1272 1986 sanabili
1348 1919 1547 2005 plaga
1622 1919 2053 1984 conscientias
2128 1919 2587 1998 vulneremus3
2662 1925 2732 1984 et
2806 1919 3095 1984 nefando

986 2024 1356 2110 voluptatis
1401 2043 1522 2088 aut
1567 2023 1869 2089 avaritiae
1916 2010 2341 2088 mercimonio
2388 2024 2755 2088 vendamus
2800 2021 3089 2088 ecclesiae

985 2125 1384 2203 libertatem,
1450 2130 1518 2190 et
1578 2131 1874 2210 posteros
1942 2147 2148 2210 pravo
2210 2147 2704 2210 corrumpamus
2766 2124 3086 2209 exemplo.

993 2227 1272 2294 Faciant
1331 2227 1474 2305 hoc,
1529 2227 1586 2291 si
1630 2227 1886 2304 volunt,
1932 2227 2067 2304 alii,
2113 2231 2233 2291 aut
2292 2228 2514 2312 potius
2578 2227 2805 2291 nullus
2867 2226 3095 2302 faciat,

994 2330 1150 2416 quia
1195 2350 1315 2393 nos
1364 2349 1499 2393 non
1531 2329 1630 2392 ita
1675 2329 1973 2393 instituti
2004 2349 2232 2392 sumus
2263 2349 2302 2392 a
2333 2328 2579 2392 sanctis
2626 2328 2944 2414 patribuS,
2976 2328 3091 2412 qui

994 2428 1541 2497 cantuariensem
1575 2430 1913 2496 ecclesiam
1943 2437 2261 2495 rexerunt
2290 2431 2361 2494 in
2390 2430 2727 2496 laboribus
2757 2430 3005 2506 multiS,
3025 2433 3095 2494 et

989 2534 1260 2598 tandem
1307 2532 1672 2599 mercedem
1717 2531 2019 2596 laborum
2050 2537 2439 2617 receperunt
2468 2553 2509 2596 a
2539 2531 2825 2598 Domino
2854 2555 2869 2608 ;
2915 2531 3091 2596 idem

989 2637 1105 2720 qui
1151 2640 1380 2701 auctor
1411 2635 1744 2721 propositi,
1778 2635 2197 2700 conscientiae
2242 2638 2486 2699 nostrae
2531 2635 2722 2698 testis
2761 2638 2863 2698 est
2894 2633 3093 2709 Deua,

997 2736 1176 2821 quod
1222 2735 1529 2800 dominus
1577 2734 2076 2801 Oantuariensis
2137 2735 2475 2822 praeelegit
2525 2735 2601 2798 in
2646 2735 2880 2800 exsilio
2924 2733 3093 2798 mori

990 2859 1189 2924 quam
1249 2837 1684 2924 perniciosam
1745 2837 2031 2905 ecclesiae
2078 2836 2187 2902 vel
2238 2837 2619 2923 probrosam
2638 2837 2665 2882 1
2730 2836 2899 2901 inire
2945 2855 3095 2902 con-

990 2940 1293 3005 cordiam.
1389 2939 1478 3004 Et
1541 2941 1596 3004 si
1642 2940 1784 3006 haec
1832 2939 2037 3025 (quod
2083 2938 2291 3021 absit)
2336 2944 2714 3015 attentaret,
2760 2958 2949 3002 rarus
2994 2942 3095 3002 est

989 3042 1166 3107 inter
1225 3063 1346 3106 nos
1423 3041 1508 3125 (si
1555 3042 1704 3128 quis
1765 3042 2017 3127 tamen)
2083 3040 2198 3125 qui
2258 3040 2565 3124 deinceps
2631 3040 2811 3103 illius
2874 3046 3098 3124 posset

996 3142 1368 3208 dominium
1444 3148 1566 3207 aut
1631 3142 2033 3207 consortium
2109 3141 2450 3206 sustinere.
2584 3140 2947 3217 Nobiscum
3012 3140 3093 3205 de

995 3266 1158 3332 pace
1229 3244 1558 3321 ecclesiae,·
1605 3243 2052 3309 mediantibus
2128 3244 2376 3317 amiciS,
2449 3243 2879 3319 tractabatur,
2943 3264 3091 3308 cum

990 3349 1036 3413 J
1039 3368 1286 3413 oannes
1319 3348 1400 3412 de
1432 3344 1811 3411 oxeneford
1865 3346 2145 3411 Romam
2174 3345 2603 3431 proficiscens,
2634 3350 2705 3409 et
2743 3344 3097 3410 manifesto

992 3450 1224 3515 multis
1248 3448 1274 3487 ²
1311 3448 1718 3535 justificatus
1777 3448 2086 3534 pe12juri0,
2117 3447 2317 3512 rediit
2375 3445 2838 3532 triumphator,
2882 3451 2953 3511 et
3011 3446 3099 3511 ab

988 3551 1362 3644 apostolica
1408 3550 1558 3615 sede
1603 3549 1875 3628 furenti,
1922 3548 2111 3635 quasi
2172 3570 2287 3635 per
2332 3570 2401 3613 se
2444 3568 2583 3613 non
2626 3548 2789 3613 satis
2850 3548 3098 3613 insani-

653 3656 760 3706 The
784 3656 943 3707 Curia
986 3659 1114 3731 ret,
1163 3674 1412 3719 cornua
1474 3652 1708 3717 attulit
1767 3652 2107 3737 peccatori.
2229 3651 2339 3715 Ab
2398 3672 2478 3716 ea
2540 3650 2647 3714 die
2704 3650 3098 3736 proscriptio

651 3737 914 3787 accessor)-

650 3796 702 3839 to
727 3789 814 3839 the
840 3789 942 3838 suf·
986 3761 1240 3833 nostra,
1294 3776 1444 3841 quae
1489 3759 1690 3819 antea
1750 3752 1874 3819 soli
1934 3753 2073 3840 regi
2118 3758 2188 3819 et
2240 3753 2376 3817 suis
2435 3755 2699 3838 poterat
2761 3751 3097 3836 imputari,

651 3853 840 3919 fex-inge
864 3855 924 3903 0f
990 3856 1194 3923 eccles
1202 3857 1335 3920 iam
1382 3856 1749 3921 Romanam
1796 3855 2321 3921 dissimulatione
2360 3854 2470 3919 vel
2508 3873 2827 3919 consensu
2870 3856 3097 3919 aucto-

653 3921 741 3970 the
763 3922 936 3971 exiles.

995 3980 1132 4023 rem
1189 3959 1450 4035 habuit,
1499 3980 1648 4024 cum
1693 3957 2095 4044 persecutori
2154 3958 2227 4021 in
2270 3955 2530 4022 malitia
2572 3955 2964 4041 perduranti
3008 3954 3100 4018 sit

1000 4059 1266 4125 indulta
1312 4059 1566 4139 dilatio,
1614 4064 1684 4123 et
1731 4058 2213 4144 quodammodo
2254 4057 2525 4123 licentia
2566 4056 2870 4141 praestita
2911 4055 3098 4120 incu-

1001 4161 1206 4225 bandi
1253 4160 1540 4226 ecclesiis
1606 4166 1676 4225 et
1720 4160 2073 4245 torquendi
2130 4159 2527 4224 innocentes,
2650 4157 2737 4221 Et
2782 4156 2991 4234 nobis,
3038 4154 3095 4219 si

996 4262 1158 4348 quid
1225 4262 1442 4327 solatii
1515 4262 1871 4326 videbatur
1914 4282 2056 4325 esse
2100 4265 2491 4346 porrectum,
2544 4258 2790 4334 statim,
2835 4256 3055 4321 missis
3071 4252 3099 4293 ³

991 4386 1026 4429 e
1077 4364 1286 4429 latere
1330 4364 1590 4435 nuntiis
1644 4368 1764 4427 aut
1813 4362 2076 4439 litteris,
2120 4360 2605 4447 impediebatur
2662 4381 2747 4424 ne
2792 4358 3099 4423 votivum

1000 4470 1122 4531 aut
1169 4464 1474 4530 debitum
1522 4462 1880 4528 sortiretur
1926 4462 2249 4528 effectum.
2370 4460 2437 4524 N
2440 4460 2599 4550 obis
2628 4458 2829 4525 etiam
2874 4464 3096 4524 tacen-

1062 4722 1078 4754 ¹
1104 4736 1418 4787 propr-mam,
1443 4720 1512 4769 A.
2155 4715 2177 4748 ⁸
2214 4716 2393 4777 missia,
2414 4730 2515 4767 om.
2541 4716 2601 4766 L.

1055 4802 1078 4834 ²
1112 4800 1306 4860 multus,
1329 4798 1391 4849 Ο.
