3634 5800
631 891 761 944 Aa).
798 875 1019 961 1170]
1513 892 1874 943 EPISTOLAE.
2623 881 2750 948 ‘239

1522 1214 1896 1282 DCXLIII.

728 1371 1171 1438 Amxmmzo
1217 1384 1411 1436 PAPAE
1455 1369 1753 1434 Tnoms
1798 1368 2368 1436 ΟΔΝΤσΔΒῙΕΝεΙε
2413 1386 2656 1438 Anem-

1330 1477 1339 1487 ’
1503 1487 1894 1537 nmscorns

799 1624 897 1686 (A.
930 1627 1040 1684 165,
1064 1625 1198 1682 2483
1236 1622 1298 1673 Ο.
1322 1621 1375 1671 ii.
1404 1625 1532 1682 1693
1570 1622 1627 1672 Z.
1652 1621 1719 1672 iv.
1748 1627 1843 1685 163
1879 1623 2012 1686 Lup.
2035 1621 2103 1673 iv.
2132 1627 2228 1684 143
2261 1622 2445 1675 Thom.
2475 1627 2581 1686 19.)

728 1752 972 1818 Anima
1047 1772 1212 1829 mea,
1288 1756 1498 1837 pater,
1565 1751 1638 1815 in
1714 1751 2168 1817 amaritudine
2232 1759 2348 1832 est,
2415 1755 2548 1840 qui,
2594 1777 2744 1822 cum
2773 1761 3062 1827 complaint

640 1855 891 1920 miseris
957 1853 1371 1920 coexsulibus
1439 1853 1619 1932 meis,
1666 1876 1751 1919 ex
1798 1874 1929 1939 quo
1997 1876 2118 1941 per
2184 1855 2443 1922 litteras
2490 1863 2745 1925 vestras

2773 1829 2833 1880 of
2851 1831 2936 1917 the

2774 1913 2904 1960 ΡΟΡΘ
2925 1911 2950 1942 ⁸

638 1959 880 2044 quibus
925 1978 1061 2034 nOS,
1107 1961 1187 2021 ut
1246 1956 1515 2043 placuit,
1561 1957 2016 2042 suspendistis,
2067 1958 2495 2045 opprobrium
2535 1961 2747 2028 homi·
2772 1965 3010 2013 conduct.

639 2082 799 2125 num
846 2059 1059 2126 factus
1106 2081 1252 2124 sum
1300 2064 1370 2124 et
1414 2059 1697 2144 abjectio
1742 2060 1970 2145 plebis.
2063 2060 2154 2126 Et
2201 2061 2405 2146 (quod
2450 2067 2746 2132 acerbius

641 2163 780 2228 urit
822 2163 1114 2228 animam
1176 2161 1419 2244 meam)
1490 2162 1759 2228 ecclesia
1823 2161 1951 2227 Dei
2018 2162 2397 2249 iniquorum
2444 2169 2748 2254 exposita

643 2270 744 2330 est
811 2263 1161 2330 voluntati.
1272 2263 1535 2349 Magnis
1613 2264 1777 2328 viris
1859 2263 2297 2330 Flandrorum
2374 2269 2601 2334 comiti
2677 2276 2748 2337 et

646 2367 794 2432 aliis
820 2364 843 2402 ¹
890 2365 1079 2452 regni
1124 2365 1563 2432 summatibus
1586 2362 1611 2402 ²
1656 2371 2033 2452 persecutor
2076 2367 2364 2434 ecclesiae
2410 2375 2480 2435 et
2522 2379 2748 2438 noster

643 2474 889 2535 certam
934 2467 1115 2554 pacis
1158 2472 1402 2534 nostrae
1448 2488 1629 2553 spem
1676 2466 1968 2544 dederat,
2014 2467 2127 2533 sed
2189 2469 2264 2534 in
2309 2471 2529 2536 reditu
2575 2496 2746 2539 nun-

644 2572 891 2637 tiorum
937 2591 1220 2647 suorum,
1253 2575 1478 2635 vestra
1522 2568 1735 2635 fretus
1782 2570 2202 2650 auctoritate,
2249 2572 2440 2638 nobis
2486 2596 2746 2642 omnem

644 2672 1193 2740 reconciliationis
1239 2671 1578 2758 praeclusit
1622 2671 1817 2736 viam.
1898 2671 2013 2736 Illi
2059 2695 2229 2759 ergo,
2277 2679 2345 2739 et
2390 2675 2506 2740 alii
2552 2679 2747 2746 amici

644 2775 853 2842 nostri
943 2774 1104 2860 quid
1178 2772 1495 2854 facerent,
1571 2773 1666 2839 sic
1738 2773 1915 2839 facto
1989 2779 2229 2854 vestre,
2292 2777 2482 2863 quasi
2560 2780 2748 2848 clava

646 2875 977 2945 Herculea
1020 2876 1309 2963 percussi
1354 2883 1424 2941 et
1483 2875 1777 2962 repulsi?
1855 2876 2138 2942 Utinam
2186 2899 2334 2964 quse
2379 2903 2578 2967 super
2623 2883 2749 2953 hoc

645 2980 948 3067 episcopi,
997 2987 1064 3044 et
1110 2998 1423 3064 procereS,
1469 2982 1539 3043 et
1582 2978 1804 3064 plebes
1849 2979 2195 3065 utriusque
2242 2983 2428 3067 regni
2474 2983 2750 3070 loquun-

646 3089 761 3149 tur
804 3081 1068 3148 audiret
1130 3080 1307 3145 auris
1353 3086 1593 3156 vestra,
1656 3086 1724 3144 et
1785 3080 2016 3145 oculus
2063 3082 2320 3148 videret
2366 3087 2750 3154 scandalum

646 3207 776 3272 quo
845 3184 1099 3270 repleta
1160 3187 1263 3247 est
1330 3181 1602 3248 ecclesia
1665 3182 2026 3247 Gallicana.
2121 3182 2294 3263 Quid
2365 3186 2446 3252 de
2515 3196 2752 3257 caetero

645 3308 780 3353 non
825 3284 1121 3372 sperabit
1166 3282 1360 3349 homo
1407 3282 1537 3361 ille,
1587 3284 1705 3368 qui
1752 3305 1870 3369 per
1915 3283 2214 3349 homines
2259 3286 2415 3352 solis
2461 3290 2751 3357 crimini-

646 3392 771 3455 bus
836 3386 1001 3455 aut³
1062 3387 1214 3452 aliis
1281 3385 1555 3451 maculis
1621 3386 1914 3473 insignes
1976 3387 2070 3453 sic
2133 3388 2568 3459 circumvenit
2635 3395 2750 3460 ha-

644 3494 877 3558 bentes
952 3488 1206 3554 clavem
1282 3487 1601 3565 scientiae,
1673 3492 1742 3552 et
1828 3487 2310 3573 dispensatores
2411 3496 2750 3579 aequitatis

646 3593 991 3669 subvertit,
1040 3597 1110 3656 et
1172 3589 1379 3655 variis
1396 3588 1423 3627 ⁴
1484 3589 1751 3654 territat
1795 3590 2436 3674 comminationibus,
2497 3603 2567 3661 et
2627 3598 2750 3663 im-

645 3695 837 3783 pellit
898 3692 1073 3758 sedis
1140 3689 1521 3777 apostolicae
1599 3689 2068 3775 majestatem?
2162 3692 2318 3759 Non
2394 3701 2496 3761 est
2571 3702 2750 3764 enim

645 3798 939 3873 dubium,
1011 3793 1175 3878 quin
1243 3814 1363 3857 vos
1431 3792 1478 3857 J
1478 3813 1727 3857 oannes
1795 3792 1877 3857 de
1949 3792 2326 3860 Oxeneford
2402 3798 2748 3885 deceperit,
2774 3839 2918 3891 John
2942 3840 3002 3890 of

644 3901 915 3985 impune
982 3900 1224 3961 tamen.
1319 3894 1409 3959 Et
1470 3898 1645 3959 certe
1708 3894 1922 3980 primo
1969 3894 2202 3981 decipi,
2263 3901 2628 3983 praesertim
2675 3903 2750 3967 in
2777 3906 2977 3957 Oxford

2775 3974 2876 4023 and
2901 3972 3019 4023 Cla-

644 4024 716 4067 re
778 4003 989 4073 tanta,
1057 3995 1544 4061 incommodum
1606 4000 1723 4074 est,
1791 3996 1987 4081 quod,
2056 3996 2212 4063 licet
2281 3999 2749 4083 dissimuletur,
2773 4040 3017 4089 rembald.

644 4106 789 4169 tota
855 4103 1054 4165 aetate
1121 4101 1347 4162 nostra
1414 4118 1565 4163 cum
1610 4095 1833 4162 dolore
1899 4098 2144 4163 sentiet
2202 4100 2470 4169 ecclesia
2513 4104 2749 4192 Angli-

645 4224 829 4271 cana.
924 4200 1017 4265 At
1057 4198 1169 4263 ille
1216 4197 1612 4263 venerabilis
1658 4198 1864 4264 abbas
1911 4198 2142 4264 Sancti
2189 4202 2569 4289 Augustini,
2614 4210 2747 4294 qui,

645 4304 971 4393 quondam
1037 4300 1394 4366 monachus
1440 4300 1766 4386 fugitivus
1830 4304 1900 4365 et
1943 4301 2081 4365 suis
2142 4308 2746 4375 excommunicatus

642 4406 917 4485 meritis,
984 4403 1320 4471 ecclesiam
1391 4402 1499 4467 cui
1563 4422 1743 4469 nunc
1803 4409 2044 4489 praeest,
2111 4404 2438 4492 dilapidat
2509 4417 2577 4475 et
2643 4412 2746 4477 in-

710 4631 725 4663 ¹
760 4630 873 4691 alif,
897 4630 965 4679 A·
1812 4626 1836 4659 ³
1870 4634 1980 4687 aut,
2002 4629 2071 4689 Aa
2096 4630 2161 4689 O,
2184 4629 2256 4688 Z;
2289 4646 2406 4691 Ἀθη,
2429 4632 2491 4682 L·

708 4712 731 4745 2
762 4706 1139 4769 mutantibus,
1178 4706 1262 4766 03
1308 4704 1646 4765 summatibus,
1814 4705 1835 4735 ⁴
1869 4694 2049 4768 vai-iis,
2072 4708 2154 4767 A3
2191 4708 2353 4771 vanis,
2377 4710 2436 4759 L.

644 4792 704 4853 Z,
726 4788 849 4839 with
874 4786 953 4837 vel
974 4784 1299 4851 maymte'bus
1326 4784 1492 4835 interl.
