3634 5800
664 908 796 961 an.
833 889 1057 975 1170]
1534 903 1898 954 nmsronae..
2649 887 2780 958 29⁷

666 1093 1017 1159 destinatis
1077 1092 1165 1158 ad
1230 1112 1353 1157 noe
1415 1095 1497 1158 ut
1556 1109 1677 1156 noe
1739 1089 1836 1155 eis
1880 1095 2238 1176 praesentes
2282 1087 2780 1168 exhiberemu83

666 1200 753 1272 et,
798 1195 989 1281 quod,
1036 1193 1285 1260 auditis
1346 1193 1669 1280 partibuS,
1716 1196 2090 1260 statuerent
2155 1192 2230 1258 in
2291 1213 2428 1268 noe,
2493 1192 2774 1260 firmiter

665 1297 1177 1362 observaremus.
1271 1294 1533 1384 Quibus
1623 1315 1763 1360 rem
1839 1292 2118 1360 minime
2205 1292 2772 1380 prosequentibus,

664 1419 833 1474 cum,
878 1398 964 1464 ob
1008 1397 1419 1464 imminentis
1476 1401 1729 1462 metum
1774 1393 2094 1482 periculi,¹
2141 1395 2216 1460 in
2261 1416 2486 1462 eorum
2557 1395 2776 1464 denuo

664 1501 1019 1584 praesentia
1100 1521 1237 1568 una
1310 1521 1461 1568 cum
1551 1496 1872 1566 fratribus
1949 1498 2196 1564 nostris
2283 1497 2774 1583 appellaverim,

662 1600 863 1686 hujus
940 1601 1141 1668 etiam
1218 1601 1687 1689 appellationis
1752 1599 2126 1686 prosecutio
2187 1599 2378 1666 nobis
2443 1619 2486 1666 a
2551 1605 2776 1668 vestra

657 1702 875 1786 gratia
920 1702 1171 1768 domini
1215 1703 1391 1790 regie
1434 1703 1841 1779 interventu,
1873 1701 2149 1766 remissa
2193 1705 2312 1767 est.
2407 1701 2768 1768 Teetantur

662 1804 787 1872 hoc
828 1805 1075 1872 litterae
1120 1826 1271 1892 quae
1314 1825 1521 1891 penes
1564 1825 1687 1872 nos
1732 1808 1894 1870 eunt
1938 1802 2300 1888 apostolico
2362 1801 2554 1889 signo
2599 1825 2772 1871 com·

664 1907 953 1972 munitae.
1050 1906 1221 1972 Cum
1268 1929 1425 1973 vero
1461 1905 1757 1992 judicem
1811 1905 2064 1972 moveri
2131 1925 2268 1972 non
2311 1909 2631 1992 oporteat,
2697 1907 2771 1986 si,
2798 1922 2906 1974 The
2929 1923 3076 1974 arch-

662 2029 813 2075 cum
858 2009 941 2074 de
988 2009 1374 2096 gravamine
1443 2011 1791 2094 suspectus
1835 2011 1956 2084 eet,
1998 2007 2084 2074 ad
2153 2006 2553 2092 superiorem
2621 2029 2772 2093 pro-
2795 1987 3024 2122 ΣξξέζτῑζἊ

664 2114 957 2186 vocetur,
1037 2111 1323 2176 offensus
1412 2115 1639 2176 tamen
1714 2109 2022 2176 dominus
2097 2107 2616 2187 Cantuariensia
2693 2131 2772 2176 eo

662 2210 839 2294 quod
924 2212 1007 2274 ad
1100 2215 1392 2276 vestram
1481 2209 1956 2296 appellaverim
2033 2209 2468 2288 audientiam,
2545 2231 2766 2276 meum

662 2317 867 2399 caput
909 2313 1245 2398 impetere,
1291 2335 1417 2390 me,
1460 2334 1595 2379 non
1641 2317 1908 2380 servato
1951 2312 2200 2392 ordine,
2242 2312 2590 2399 proposuit
2655 2335 2768 2382 ex·

662 2414 1204 2480 communicando
1253 2413 1587 2480 suffocare.
1680 2412 1890 2500 Cujus
1959 2414 2054 2479 rei
2116 2415 2443 2501 prescius,
2507 2421 2770 2482 senten-
2795 2425 2844 2474 A
2867 2423 3004 2474 fresh

662 2515 828 2581 tiam
873 2517 1301 2602 praeveniente,
1347 2515 1436 2582 ad
1483 2521 1775 2582 vestram
1823 2517 1984 2582 item
2007 2513 2032 2556 ²
2093 2517 2426 2604 appellavi
2491 2517 2768 2584 clemen·
2796 2489 2990 2556 Ἥκω·

660 2617 845 2695 tiam,
891 2619 1037 2704 ejus
1066 2639 1345 2686 examen
1390 2623 1707 2704 expetens
1754 2619 1892 2704 qui,
1935 2619 2176 2686 merita
2205 2639 2546 2686 causarum
2593 2624 2772 2686 recte
2977 2637 2988 2646 ’

662 2719 1052 2804 penderem,
1099 2741 1293 2785 auum
1338 2719 1693 2804 unicuique
1728 2719 1844 2805 jus
1887 2739 2080 2806 aequa
2105 2719 2362 2786 ratione
2406 2724 2770 2788 conservat.

666 2821 859 2901 Quod
906 2822 1083 2888 enim
1145 2823 1407 2910 legitur,
1454 2845 1539 2888 ne
1584 2823 1657 2888 in
1720 2843 1855 2888 una
1900 2822 2260 2909 eademque
2304 2845 2504 2892 causa
2569 2824 2772 2892 tertio

659 2923 1049 3009 appelletur,
1096 2946 1231 2991 non
1286 2947 1364 2991 eo
1408 2930 1667 3011 spectat
1712 2931 1791 2991 ut
1837 2924 2141 3011 quotiens
2187 2926 2528 3011 epiecopus
2591 2948 2662 2993 se
2727 2948 2772 2995 a

658 3026 1167 3112 metropolitano
1240 3048 1359 3093 suo
1434 3027 1852 3114 gravandum
1937 3029 2278 3113 putaverit
2351 3028 2558 3095 libere
2631 3051 2770 3097 non

658 3127 965 3213 appellet,
1014 3129 1125 3193 sed
1176 3150 1255 3194 eo
1302 3130 1542 3215 potine,
1589 3135 1667 3195 ut
1708 3150 1751 3195 a
1794 3130 2126 3195 sententia
2168 3150 2211 3195 a
2270 3128 2488 3197 tribus
2531 3132 2768 3217 grada-

658 3230 783 3295 tim
819 3230 1159 3314 judicibus
1204 3236 1355 3317 poet
1398 3230 1910 3317 appellationem
1956 3232 2321 3318 approbata
2383 3233 2500 3318 qui
2547 3234 2768 3301 victus

657 3336 759 3397 est
824 3333 1157 3419 appellare
1218 3354 1351 3397 non
1421 3332 1675 3399 debeat.
1769 3332 1964 3414 Quod
2031 3334 2296 3420 quidem
2367 3356 2501 3401 non
2565 3338 2766 3404 solem

657 3434 913 3499 facibus
960 3435 1345 3520 adjuvando
1397 3436 1693 3513 dicimus,
1761 3436 1876 3501 sed
1923 3442 2003 3501 ut
2045 3436 2154 3501 his
2215 3438 2331 3523 qui
2394 3439 2476 3505 de
2541 3440 2770 3509 crebra

656 3556 775 3599 noe
820 3536 1263 3621 appellatione
1325 3536 1735 3623 redarguunt
1778 3538 1886 3603 vel
1951 3540 2176 3624 paucis
2239 3541 2766 3626 respondeamus.

654 3637 765 3701 Ad
810 3639 1069 3703 culmen
1114 3639 1325 3725 igitur
1366 3640 1798 3725 apostolicum
1853 3641 1946 3707 sic
1988 3641 2338 3727 appellavi,
2381 3662 2651 3727 sperans
2695 3644 2768 3709 id

656 3738 951 3804 subsidio
994 3740 1293 3805 futurum
1342 3740 1526 3819 mihi,
1572 3762 1658 3807 ne
1701 3748 1858 3809 ante
1905 3743 2080 3808 diem
2125 3742 2554 3829 appellationi
2597 3766 2766 3830 prae-

654 3845 863 3910 fixum
910 3866 1095 3911 meus
1138 3852 1361 3931 posset
1404 3853 1621 3913 status
1684 3849 1771 3913 ab
1816 3870 1894 3915 eo
1939 3854 2176 3915 contra
2218 3872 2414 3935 quem
2475 3851 2764 3937 appella—

654 3954 799 4011 tum
845 3952 947 4013 est
990 3948 1411 4033 aliquatenus
1454 3950 1826 4017 interverti.
1923 3949 2112 4017 Sedis
2156 3953 2334 4017 enim
2385 3952 2768 4039 apostolicae

655 4048 953 4113 soliditas
998 4047 1117 4113 illa
1160 4054 1266 4113 est
1308 4050 1389 4115 de
1435 4071 1570 4134 qua
1612 4050 1779 4117 masi
1827 4052 2078 4117 dictum
2124 4059 2252 4120 eet:
2299 4058 2334 4089 ‘⁸
2357 4052 2510 4119 Huc
2554 4075 2764 4139 usque

658 4158 691 4185 “
740 4151 980 4229 venieS,
1030 4159 1098 4216 et
1142 4150 1253 4216 hic
1296 4152 1663 4237 confringes
1706 4157 2044 4219 tumentes
2103 4154 2346 4221 fluctus
2391 4160 2542 4221 tuos
2561 4180 2578 4235 ;
2597 4156 2630 4181 ’'
2675 4157 2762 4221 ad

656 4273 853 4338 quam
900 4253 1294 4339 appellando
1338 4254 1527 4319 allisa
1562 4254 1809 4339 judicis
1874 4256 2188 4341 cujusque
2233 4258 2566 4324 sententia
2617 4259 2760 4344 jam

652 4355 793 4420 lata
838 4355 1281 4441 suspenditur,
1327 4356 1383 4419 si
1428 4354 1631 4421 fuerit
1676 4357 2242 4442 praeappellatum,
2283 4358 2425 4426 lata
2473 4366 2759 4447 poet-mo·

653 4457 813 4522 dum
876 4458 1133 4521 viribus
1177 4456 1445 4522 omnino
1513 4463 1694 4523 caret
1754 4463 1835 4522 ut
1893 4462 2031 4523 tam
2101 4482 2168 4524 re
2234 4481 2431 4545 quam
2495 4462 2760 4527 nomine

652 4576 917 4645 prorsus
980 4557 1171 4623 nulla
1231 4564 1592 4644 reputetur,
1657 4558 1964 4625 habenda
2031 4560 2240 4647 magis
2307 4561 2512 4639 irrita,
2557 4584 2757 4648 quam

725 4784 742 4817 ¹
780 4786 1027 4835 imntinem
1048 4782 1339 4851 periculum,
1365 4784 1429 4836 G.
1693 4784 1701 4847 Ι
1819 4784 1840 4817 ²
1876 4784 2089 4836 iterum?
