3634 5800
611 931 626 938 -
683 909 819 959 ω).
847 889 1070 974 1170.]
1577 901 1944 952 amsi-0123.
2672 887 2795 950 201

682 1093 1060 1158 libertatem
1107 1090 1396 1156 ecclesiae
1441 1089 1718 1164 fuerint,
1771 1087 1993 1153 deleat
2036 1085 2307 1172 penitus
2372 1091 2442 1150 et
2488 1085 2791 1152 condem-

682 1200 816 1271 net,
863 1198 933 1258 et
977 1193 1316 1279 episcopos
1356 1197 1561 1276 atque
1607 1189 1774 1255 alias
1845 1208 2155 1274 personas
2200 1187 2391 1273 regni
2438 1185 2525 1250 ab
2569 1208 2791 1252 earum

689 1296 1148 1362 observatione
1209 1293 1560 1372 absolvat3
1619 1313 1697 1358 ac
1755 1290 2013 1356 fructus
2073 1293 2528 1375 perceptorum
2572 1289 2790 1354 reddi·

685 1403 880 1462 tuum
925 1395 1416 1482 archiepiscopo
1479 1399 1548 1459 et
1593 1394 1731 1458 suis
1775 1393 2107 1458 restituat.
2202 1389 2397 1470 Quod
2442 1390 2499 1454 si
2558 1396 2797 1454 vestrm

688 1499 760 1564 in
804 1499 932 1564 hac
977 1503 1166 1583 parte
1219 1495 1721 1561 commonitioni
1790 1514 1925 1559 non
1968 1492 2394 1577 acquieverit,
2466 1513 2583 1556 vos
2649 1514 2797 1578 quae

687 1601 772 1666 de
833 1599 1428 1668 consuetudinibus
1496 1597 1631 1662 illis
1695 1597 1948 1662 fuerint
2014 1594 2339 1662 abolenda
2403 1595 2596 1661 nobis
2664 1615 2799 1660 una

687 1724 838 1768 cum
884 1703 1029 1788 ipso
1097 1700 1606 1786 archiepiscopO,
1651 1719 1909 1765 necnon
1972 1702 2042 1763 et
2085 1697 2265 1782 quod
2309 1719 2427 1763 rex
2496 1698 2577 1764 de
2648 1721 2793 1784 per-

667 1810 1028 1890 ceptorum
1089 1803 1433 1870 fructuum
1509 1801 1935 1866 restitutione
2008 1799 2225 1868 facere
2296 1799 2479 1878 velit,
2555 1800 2795 1866 vestris

685 1906 949 1983 litteris,
995 1911 1250 1990 quanto
1281 1904 1558 1970 celerius
1601 1903 1921 1989 poteritis
1954 1903 2217 1989 plenius
2261 1904 2571 1970 intimare
2616 1925 2800 1969 cure-

689 2009 792 2072 tis.
887 2007 1136 2072 Verum
1184 2007 1243 2071 si
1287 2011 1537 2072 certam
1583 2027 1766 2091 spem
1812 2005 1896 2070 de
1941 2026 2101 2090 pace
2145 2013 2214 2071 ct
2264 2005 2795 2071 reconciliatione
2824 2025 2935 2075 The
2956 2039 3045 2074 ex-

685 2109 989 2176 facienda
1049 2107 1497 2194 conceperitis,
1575 2129 1695 2172 vos
1773 2107 2115 2172 universos
2175 2107 2794 2184 excommunicatoS,

686 2211 802 2294 qui
871 2209 1264 2274 absolvendi
1331 2208 1600 2286 fuerint,
1659 2209 2057 2289 absolvatis;
2125 2209 2225 2274 ita
2271 2209 2537 2294 quidem
2600 2209 2794 2294 quod,

687 2313 816 2376 nisi
862 2331 998 2398 pax
1043 2311 1245 2376 fuerit
1291 2310 1661 2388 subsecuta,
1705 2310 1883 2396 ipsos
1902 2309 1927 2348 ¹
1971 2313 2045 2375 in
2088 2311 2375 2396 priorem
2420 2333 2797 2378 excommu-

685 2413 1111 2490 nicationem,
1154 2412 1406 2476 nullius
1453 2412 1977 2478 contradictione
2026 2413 2133 2477 vel
2194 2412 2637 2499 appellatione
2683 2414 2795 2478 ob-

685 2522 924 2592 stante,
957 2517 1276 2582 continuo
1307 2515 1658 2580 reducatis.
1753 2514 2085 2580 Praeterea
2116 2515 2172 2580 si
2218 2537 2339 2580 rex
2384 2516 2471 2581 ad
2501 2516 2796 2582 osculum

686 2618 1136 2704 praestandum
1183 2617 1566 2682 nullatenus
1591 2615 1617 2654 ²
1660 2617 1911 2703 poterit
1960 2617 2206 2695 induci,
2252 2639 2372 2682 vos
2438 2618 2794 2705 archiepis-

685 2740 921 2805 copum
968 2719 1283 2783 inducere
1344 2717 1679 2795 laboretis,
1726 2719 1922 2804 quod,
1970 2719 2027 2782 si
2072 2719 2144 2783 id
2188 2719 2435 2804 absque
2499 2720 2792 2805 periculo

686 2841 980 2907 personae
1043 2841 1180 2885 suae
1248 2827 1316 2884 et
1363 2841 1630 2886 suorum
1699 2821 1841 2884 fieri
1897 2841 2083 2907 posse
2130 2821 2530 2909 cognoverit,
2595 2827 2663 2887 et
2726 2823 2796 2888 in

685 2921 962 2987 consilio
1025 2944 1144 2987 suo
1209 2922 1512 2987 invenire
1572 2923 1885 3008 potuerit,
1940 2923 2161 2989 osculo
2204 2924 2324 2987 filii
2347 2922 2374 2963 ³
2442 2932 2793 2991 contentus

687 3023 984 3089 exsistat.
1077 3022 1270 3101 Quod
1345 3023 1404 3087 si
1482 3028 1760 3109 uterque
1824 3034 2121 3089 vestrum
2183 3026 2289 3089 his
2359 3020 2796 3113 exsequendis

687 3125 1004 3190 interesse
1070 3146 1205 3189 non
1264 3125 1514 3210 poterit
1572 3124 1682 3189 vel
1741 3124 2032 3191 noluerit
2104 3127 2307 3212 (quod
2373 3133 2600 3194 tamen
2662 3150 2797 3194 non

686 3226 1061 3310 credimus),
1133 3225 1304 3291 alter
1368 3226 1804 3293 nihilominus
1830 3226 1857 3265 ⁴
1898 3249 1979 3293 ea
2030 3250 2178 3314 quae
2245 3230 2567 3316 praedicta
2626 3240 2788 3299 sunt

2825 2087 3103 2140 communi-

2825 2165 2979 2208 cates.

687 3350 824 3395 non
877 3328 1140 3393 differat
1185 3329 1562 3413 adimplere.
1655 3329 1766 3393 Ad
1811 3329 1953 3396 haec
1997 3331 2189 3395 vobis
2234 3333 2650 3420 praecipimus
2711 3340 2791 3400 ut
2826 3346 3053 3413 Outrage

2827 3428 2895 3463 on
2915 3412 3067 3463 Peter

685 3430 1114 3516 saepedictum
1189 3452 1430 3517 regem,
1507 3452 1706 3517 super
1779 3452 1858 3497 eo
1934 3432 2113 3519 quod
2188 3434 2507 3499 dilectum
2576 3436 2787 3503 filium
2826 3478 2887 3529 of
2904 3477 3079 3529 Pavia.

684 3537 984 3597 nostrum
1052 3532 1384 3617 P[etrum]
1450 3534 1988 3600 archidiaconum
2036 3532 2441 3621 Papiensem‚
2495 3538 2582 3603 ad
2634 3560 2787 3603 eum

685 3656 729 3701 a
773 3632 1014 3699 dilecto
1058 3633 1196 3699 filio
1265 3638 1494 3701 nostro
1541 3634 1925 3721 G[ratiano]
1966 3635 2369 3703 subdiacono
2416 3644 2485 3703 et
2531 3641 2791 3706 notario

685 3743 754 3803 et
797 3738 1113 3824 magistro
1159 3736 1468 3815 Vivian0,
1531 3738 2007 3816 transmissum,
2053 3738 2324 3824 quidam
2371 3740 2492 3818 sui,
2540 3741 2627 3805 ad
2671 3764 2794 3807 nu-

685 3846 832 3905 tum
895 3838 1074 3903 illius
1099 3836 1124 3876 ⁵
1169 3840 1276 3922 (ut
1321 3838 1592 3924 dicitur)
1641 3843 1713 3905 et
1755 3840 1838 3904 de
1886 3840 2201 3907 mandato
2247 3841 2405 3927 ejus,
2454 3850 2785 3930 ceperunt,

596 4016 604 4019 y,
685 3948 754 4006 et
801 3940 1195 4025 quibusdam
1263 3941 1463 4004 rebus
1527 3941 1662 4006 suis
1680 3940 1708 3979 ⁶
1752 3942 2091 4028 privatum
2137 3944 2485 4009 inhoneste
2548 3951 2791 4013 tracta-

685 4046 946 4119 vemnt,
1023 4042 1254 4107 durius
1329 4043 1702 4129 increpetis,
1777 4049 1847 4109 et
1922 4066 2031 4111 eos
2108 4067 2271 4131 quos
2360 4047 2433 4111 in
2509 4048 2793 4114 eundem

689 4141 1022 4228 P[etrum]
1069 4150 1140 4208 et
1203 4143 1383 4209 illius
1428 4145 1638 4210 socios
1704 4145 1969 4211 clericos
2018 4146 2344 4213 violentas
2388 4170 2623 4213 manus
2690 4150 2793 4213 in-

678 4244 914 4329 jecisse
958 4246 1352 4325 constiterit,
1400 4246 1845 4333 appellatione
1888 4254 2159 4327 remota,
2190 4252 2793 4317 excommunicatos

687 4344 950 4430 publice
1023 4348 1369 4425 nuntietis,
1443 4352 1516 4413 et
1588 4348 1676 4423 ab
1749 4349 2055 4415 omnibus
2130 4350 2531 4437 praecipiatis
2620 4352 2795 4419 sicut

754 4558 770 4589 ¹
807 4558 932 4622 ipso,
953 4559 1008 4607 Z.
1861 4558 1883 4591 ⁴
1915 4560 2246 4626 nihilominus,
2278 4562 2349 4623 A,
2382 4562 2452 4625 Z;
2486 4580 2585 4614 non
2618 4566 2796 4627 minus,

751 4636 774 4668 ²
807 4636 950 4687 nulla
981 4638 1200 4699 ratione,
1223 4638 1283 4699 Z,
1309 4638 1431 4688 with
1469 4638 1548 4687 vel
1579 4638 1694 4688 md-
1795 4638 1862 4699 O,
1884 4640 1946 4689 L.

685 4714 884 4763 latenas
906 4714 1070 4766 interl.
1858 4717 1881 4749 ⁶
1915 4718 2089 4782 ipsius,
2114 4719 2173 4781 Z,
2195 4718 2319 4769 with
2343 4720 2423 4769 vel
2446 4718 2580 4770 illius
2602 4721 2767 4773 interl.

751 4793 774 4825 ³
808 4794 906 4855 ms,
925 4791 1020 4845 ins.
1045 4794 1108 4846 o.
1862 4796 1884 4827 ⁶
1914 4797 2035 4856 mie,
2060 4797 2123 4857 o,
2148 4798 2235 4858 A;
2269 4800 2393 4863 «Just,
2418 4800 2481 4851 L.
