3634 5800
908 859 1037 922 546
1779 874 2138 923 EPISTOLAE.
2625 857 2784 943 [Am.
2817 855 3010 925 1173.

910 1060 1061 1128 vita
1127 1082 1251 1127 sua
1292 1063 1807 1149 magnanimiter
1869 1063 2129 1140 claruit,
2174 1068 2244 1128 et
2287 1062 2370 1127 de
2416 1061 2753 1129 miraculis
2819 1062 2964 1146 ejus
2983 1052 3012 1092 ¹

910 1184 1047 1231 non
1091 1164 1303 1229 solum
1348 1166 1681 1230 communi
1727 1168 1796 1229 et
1863 1163 2102 1229 celebri
2162 1164 2360 1241 fama,
2405 1164 2521 1230 sed
2565 1164 2764 1230 etiam
2811 1156 3010 1227 dilec-

914 1268 1135 1330 torum
1194 1265 1478 1331 filiorum
1558 1272 1934 1331 nostrorum
1967 1262 1992 1302 ²
2059 1265 2320 1330 Alberti
2348 1264 2376 1305 ³
2448 1266 2650 1332 titulo
2678 1265 2708 1304 ⁴
2778 1263 3011 1331 Sancti

918 1364 1263 1433 Inurentii
1339 1366 1414 1431 in
1506 1366 1775 1445 Lucina,
1854 1374 1925 1433 et
1999 1367 2431 1445 Theodwini,⁵
2503 1368 2702 1433 titulo
2775 1366 3016 1434 Sancti

916 1468 1182 1546 vitalis,
1226 1470 1762 1555 presbyterorum
1807 1470 2261 1548 cardinalium,
2307 1476 2378 1536 et
2417 1471 2592 1537 sedis
2635 1469 3012 1557 apostolicae

915 1568 1301 1655 legatorum,
1347 1575 1417 1636 et
1460 1571 1738 1637 aliarum
1808 1573 2100 1659 plurium
2163 1593 2588 1658 personarum
2631 1572 3014 1637 testimonio

914 1672 1384 1738 certitudinem
1416 1673 1676 1759 plenam
1709 1673 2044 1753 habente&
2075 1673 2424 1761 praefatum
2455 1674 3014 1761 archiepiscopum

580 1782 707 1833 Feb·
731 1782 811 1831 21.
919 1774 991 1839 in
1036 1774 1252 1861 eapite
1307 1774 1568 1860 jejunii,
1630 1774 2064 1841 multitudine
2133 1776 2512 1842 clericorum
2557 1797 2634 1841 ae
2694 1776 3011 1841 laicorum

811 1973 823 1986 .
922 1882 1245 1961 praesente
1312 1876 1383 1939 in
1428 1876 1715 1953 ecclesia,
1760 1877 2123 1943 deliberato
2190 1898 2340 1944 cum
2405 1877 2724 1943 fratribus
2767 1878 3014 1943 nostris

924 1977 3016 2167 &mmmmwmmzmssffl

583 2122 800 2225 bm‘ssssg‘
925 2186 995 2247 et
1058 2180 1482 2246 universitati
1532 2180 1830 2247 fidelium
1877 2181 1958 2247 de
2023 2181 2272 2267 Anglia
2315 2182 2678 2269 apostolica
2714 2132 3018 2248 'auctori-

921 2287 1065 2349 tate
1110 2283 1523 2360 mandantes,
1570 2288 1649 2348 ut
1713 2283 1940 2348 natale
1961 2280 1988 2320 ⁹
2031 2283 2193 2368 ejus,
2239 2283 2346 2347 die
2391 2304 2524 2369 quo
2567 2284 2780 2348 vitam
2823 2305 3016 2349 suam

923 2385 1207 2471 gloriosa
1249 2384 1555 2470 passione
1584 2384 1828 2461 finivit,
1858 2384 2052 2449 annis
2083 2384 2364 2471 singulis
2393 2406 2543 2451 cum
2588 2385 3016 2450 veneratione

592 2489 689 2539 His
710 2488 851 2553 body
920 2486 1147 2551 debita
1190 2486 1544 2553 celebretis.
1622 2485 1952 2565 Quoniam
1997 2485 2204 2571 igitur
2247 2486 2524 2571 dignum
2553 2490 2669 2561 est,
2716 2491 2786 2551 et
2825 2486 3018 2550 vobis

582 2558 902 2673 {gagg-trans-
921 2588 1283 2673 plurimum
1353 2587 1641 2674 expedit,
1704 2592 1785 2652 ut
1848 2591 2149 2651 sanctum
2219 2606 2452 2673 corpus
2515 2587 2656 2672 ejus
2721 2608 2871 2653 cum
2935 2608 3018 2652 ea

922 2711 1054 2777 qua
1121 2690 1309 2755 decet
1370 2688 1740 2755 reverentia
1784 2694 1854 2753 et
1920 2687 2167 2753 honore
2234 2688 2570 2765 condatur,
2635 2688 3018 2754 discretioni

922 2797 1163 2859 vestrae
1238 2812 1357 2878 per
1441 2790 1805 2878 apostolica
1879 2790 2124 2875 scripta
2197 2791 2607 2867 mandamuS,
2686 2795 3018 2875 quatenus

923 2917 1157 2982 corpus
1202 2893 1345 2981 ejus
1408 2894 1647 2961 devote
1710 2898 1781 2958 et
1847 2898 2242 2970 reverenter,
2305 2890 2482 2959 facta
2524 2891 2794 2958 solemni
2865 2913 3020 2979 pro·

921 2998 1227 3076 cessione,
1290 2996 1513 3084 aliquo
1588 2997 1920 3084 praecipuo
1939 2993 1990 3034 ¹⁰
2065 2994 2187 3072 die,
2251 2999 2642 3082 congregato
2704 2995 2872 3060 clero
2947 3000 3022 3060 et

925 3099 1183 3187 popule,
1251 3099 1324 3163 in
1368 3099 1566 3164 altari
1627 3097 1984 3164 honorifice
2049 3097 2436 3174 recondatis,
2479 3101 2599 3160 aut
2663 3097 2881 3181 ipsum
2945 3097 3020 3160 in

926 3201 1149 3288 aliqua
1193 3200 1453 3267 decenti
1498 3221 1694 3285 capsa
1756 3203 2089 3285 ponentes,
2131 3203 2330 3284 prout
2374 3198 2702 3276 convenit,
2747 3197 3021 3262 elevetis

926 3305 999 3368 in
1042 3303 1271 3382 altum,
1319 3306 1389 3367 et
1454 3301 1896 3388 patrocinium
1941 3301 2104 3387 ejus,
2147 3321 2268 3388 pro
2333 3300 2546 3366 salute
2609 3299 2904 3365 fidelium
2951 3305 3023 3365 et

928 3427 1087 3492 paee
1162 3403 1557 3469 universalis
1633 3403 1936 3480 ecclesiae,
2013 3403 2332 3488 satagatis
2406 3401 2583 3487 apud
2659 3401 3021 3467 Dominum

927 3506 1166 3572 vestris
1230 3504 1359 3592 piis
1404 3503 1813 3570 orationibus
1859 3504 2228 3590 impetrare.
2317 3502 2572 3568 Datum
2591 3503 2640 3543 Π
2705 3502 2955 3590 Signiae
2974 3501 3028 3543 ¹²

930 3609 1046 3673 iiii.
1094 3607 1259 3672 Idus
1305 3605 1549 3671 Martii.

996 3822 1015 3856 ¹
1048 3824 1175 3888 ejus,
1196 3836 1298 3871 om.
1325 3820 1386 3872 C.
2089 3820 2111 3852 ⁸
2145 3819 2340 3884 itaque,
2362 3819 2456 3870 ins.
2482 3819 2545 3880 C,
2565 3817 2688 3868 with
2711 3817 3025 3882 mandamns,

995 3903 1018 3936 ²
1053 3908 1347 3960 nostran-mm
1373 3900 1447 3958 03
1482 3915 1585 3950 om.
1607 3899 1669 3950 L.
2022 3899 2200 3959 below,
2224 3899 2282 3950 C.

996 3981 1019 4014 θ
1053 3979 1273 4029 Abbatis
1299 3977 1407 4042 (for
1429 3975 1679 4038 Albertz'),
1704 3975 1767 4026 Ο.
2089 3975 2110 4008 ⁹
2142 3976 2320 4028 natale
2354 4014 2366 4027 .
2402 4014 2416 4027 .
2449 4012 2462 4026 .
2486 3975 2668 4038 amo,
2688 3976 2773 4036 A3
2807 3975 3027 4028 natalem

998 4061 1019 4094 ⁴
1054 4057 1216 4120 titulo,
1260 4059 1334 4119 03
1386 4055 1539 4117 tituli,
1586 4056 1651 4118 O,
1694 4057 1741 4106 L
1788 4056 1935 4118 (here
2021 4053 2168 4114 diem,
2195 4054 2271 4114 G;
2307 4053 2476 4105 natali
2494 4055 2590 4115 die,
2611 4053 2672 4104 L.

930 4140 1032 4192 and
1052 4127 1259 4198 ὕειον).
2089 4131 2131 4164 ¹⁰
2160 4135 2403 4197 precipio,
2423 4133 2494 4184 A.

1000 4219 1021 4251 ⁸
1061 4213 1301 4276 Theodb„
1325 4215 1386 4266 C.
2093 4209 2128 4243 ¹¹
2164 4211 2332 4272 Data,
2355 4211 2412 4260 Z.

998 4295 1021 4329 ⁶
1054 4311 1179 4355 eum,
1198 4294 1245 4343 L
1258 4315 1274 4355 ς
1308 4298 1357 4341 et
1379 4307 1503 4352 eum,
1526 4291 1597 4351 V,
1621 4291 1687 4354 O,
1710 4291 1778 4341 A.
2091 4289 2130 4322 ¹²
2169 4289 2396 4352 Siqnim,
2419 4289 2505 4352 Vg
2546 4289 2770 4353 Siquine,
2793 4289 2858 4351 O,
2883 4291 2950 4340 A.

1000 4373 1022 4412 ⁷
1054 4380 1285 4432 matr-tan,
1310 4372 1371 4423 C.
