3634 5800
824 920 951 983 134
1700 932 2060 981 EP1sT0LAE.
2335 890 2342 897 ⁴
2543 918 2700 1001 [A.D.
2737 916 2926 985 1169.

820 1120 1131 1206 parvulos
1205 1114 1369 1185 suos
1430 1122 1502 1185 in
1576 1118 1930 1205 praesentia
2006 1120 2294 1205 eorporis
2354 1120 2730 1186 consolatus
2807 1127 2928 1198 est,

821 1223 1017 1288 eitius
1092 1222 1404 1288 exhibeat
1482 1222 1852 1287 veritatem.
1969 1222 2270 1299 Interim,
2337 1222 2418 1288 de
2494 1223 2924 1309 promissione

822 1332 1043 1391 vestra
1074 1330 1143 1391 et
1171 1324 1445 1390 caritate
1492 1346 1910 1410 praesumem,
1941 1324 2362 1389 affectuosius
2408 1324 2724 1410 supplieO,
2765 1348 2926 1410 qua-

822 1434 1016 1492 tenus
1061 1428 1329 1491 miseros
1374 1431 1650 1504 nostroe„
1699 1425 2124 1512 praesentium
2172 1426 2543 1512 portitore5‚
2574 1425 2930 1513 benignius

820 1528 1146 1602 audiatis‚¹
1196 1534 1264 1593 et
1308 1550 1572 1593 causam
1642 1526 1895 1593 Christi
1957 1528 2398 1613 promoveatis
2474 1549 2593 1613 pro
2640 1527 2921 1595 Christo,

767 1690 775 1696 ,
821 1631 894 1695 Si
940 1638 1163 1695 autem
1231 1629 1317 1693 ad
1381 1630 1711 1695 eeclesiam
1778 1630 2142 1695 Romanam
2209 1630 2516 1694 venerint
2583 1630 2924 1716 episeopus

486 1753 657 1805 Foliot
678 1755 781 1804 and
821 1732 1297 1798 Londoniensis
1343 1738 1411 1797 et
1476 1732 1836 1797 Gaufridus
1901 1730 2113 1809 Ridel,
2187 1732 2279 1797 sie
2326 1731 2475 1797 illos
2522 1738 2802 1797 tractate
2848 1740 2928 1797 ut

480 1822 651 1873 Ridel.
819 1835 1091 1901 tractari
1154 1835 1398 1900 debent
1461 1834 1576 1920 qui
1641 1834 1971 1900 seminant
2015 1835 2190 1899 inter
2233 1834 2468 1899 fratres
2514 1835 2922 1901 discordiam.

820 1938 1315 2005 Cantuariensis
1360 1938 1629 2003 ecelesia
1673 1958 1868 2001 suum
1913 1936 2102 2001 vobis
2132 1934 2489 2023 p'raesentat
2518 1936 2922 2023 obsequium,

815 2042 990 2127 quod
1038 2032 1529 2126 promptissima·
1575 2032 1926 2105 devotione
1958 2039 2148 2113 vobis
2195 2044 2262 2105 et
2294 2041 2534 2104 vestris
2563 2040 2921 2127 impendet,

721 2178 729 2189 ·
816 2164 961 2207 cum
1030 2148 1249 2207 vestro
1312 2139 1679 2226 patrocinio
1724 2141 1930 2224 (quod
1994 2136 2355 2227 speramus)
2404 2146 2595 2208 eruta
2637 2142 2841 2207 fuerit
2882 2163 2926 2207 a

816 2232 1257 2310 tribulatione
1302 2242 1628 2309 malorum
1672 2247 1743 2307 et
1788 2242 2025 2307 dolore.

1757 2650 1966 2717 DXC.

902 2808 1342 2877 ALEXANDRO
1390 2822 1582 2871 PAPAE
1644 2802 1938 2867 'l'HouAs
1986 2802 2554 2869 CANTUAmENsls
2598 2822 2848 2871 Anem-

1674 2922 2060 2972 muse-opus

1236 3063 1333 3125 (Ο.
1355 3041 1491 3124 '2013
1528 3061 1586 3114 Z.
1608 3059 1676 3110 iv.
1704 3064 1798 3120 5s;
1834 3058 2046 3124 Lup.iv.
2071 3063 2170 3118 503
2204 3059 2385 3110 Thom.
2411 3061 2520 3124 20.)

470 3210 771 3279 Eutreating
902 3193 1082 3274 Quot
1144 3191 1487 3278 angustias
1532 3213 1610 3256 ac
1628 3188 1652 3228 ²
1718 3190 2205 3265 tribulationes
2252 3189 2497 3256 multas
2567 3195 2635 3256 et
2695 3193 2918 3274 malaS,

471 3277 755 3407 ffi‘i‘pwpe’s
806 3317 925 3382 pro
971 3295 1281 3359 libertate
1327 3297 1573 3357 sanctae
1642 3291 1769 3356 Dei
1837 3290 2122 3356 eeclesias
2169 3292 2438 3369 tuenda,
2483 3293 2554 3360 in
2601 3293 2918 3362 diuturno

469 3409 669 3474 against
807 3420 957 3465 eum
1004 3397 1265 3483 eopiosa
1296 3401 1363 3460 et
1408 3395 1758 3459 innumera
1788 3391 2040 3458 Christi
2071 3400 2445 3480 pauperum
2465 3395 2917 3476 multitudine,

470 3477 668 3541 Hem-y.
806 3499 1039 3565 exsilio
1075 3499 1219 3583 jam
1242 3495 1269 3536 ³
1334 3496 1467 3561 fere
1513 3517 1631 3582 per
1674 3479 2097 3580 septennitfm
2121 3508 2153 3540 ³
2215 3494 2606 3574 laborantes
2652 3498 2919 3564 misera-

553 3585 558 3592 ·
806 3601 1033 3666 biliter
1078 3597 1605 3676 sustinuerimus²
1656 3602 1898 3674 vestra,
1945 3602 2136 3682 pater
2179 3597 2610 3676 sanctissime,
2654 3598 2916 3685 plenius

805 3725 1067 3776 noscere
1145 3700 1343 3766 debet
1416 3699 1705 3786 prudens
1782 3699 2106 3776 diseretio,
2149 3719 2227 3784 'a
2299 3699 2488 3785 eujus
2548 3701 2771 3766 animo
2835 3702 2917 3767 de

804 3805 986 3872 facili
1076 3825 1213 3869 non
1300 3823 1649 3888 possumus
1744 3801 2006 3867 eredere
2095 3799 2272 3886 quod
2293 3800 2319 3838 4
2407 3802 2918 3869 sustinuerimus

807 3907 979 3975 elabi
1005 3929 1021 3982 3
1046 3906 1070 3942 ⁵
1138 3904 1255 3970 sed
1323 3909 1564 3968 vestrae
1586 3901 1613 3942 ⁶
1674 3902 1918 3988 potius,
1983 3906 2175 3987 pater
2235 3901 2588 3979 saeuissime,
2671 3903 2918 3970 debent

805 4009 1125 4076 radicitus
1171 4005 1491 4071 inhaerere
1536 4003 1888 4069 memoriae.
1991 4002 2163 4068 Cum
2210 4024 2341 4088 quo
2393 4005 2615 4083 etiam,
2648 4004 2914 4072 domine

2660 4149 2812 4154 ——.—
2833 4149 2883 4156 -—.

872 4209 888 4244 ¹
926 4210 1173 4268 audiatis,
1197 4208 1265 4270 A,
1289 4209 1367 4270 03
1402 4206 1709 4268 exaudiatis,
1728 4207 1789 4257 L.

1977 4205 1998 4238 ⁴
2034 4211 2167 4269 quot,
2191 4205 2255 4268 O,
2278 4205 2349 4257 V.
2443 4256 2457 4271 ,

870 4289 892 4322 ²
926 4307 1006 4353 ac,
1031 4305 1130 4340 om.
1154 4288 1217 4339 Ο.
1979 4285 2000 4318 ⁵
2035 4283 2195 4348 illabi,
2220 4284 2284 4347 Ο,
2305 4285 2392 4346 v;
2428 4283 2576 4346 elabi,
2600 4284 2671 4336 L.

868 4370 891 4403 ³
911 4369 1155 4434 jamsere
1186 4367 1366 4431 placed
1394 4367 1532 4426 here,
1554 4363 1604 4415 L
1631 4385 1646 4428 ς
1681 4365 1813 4416 after
1979 4363 2001 4396 ⁶
2035 4371 2215 4414 vestroe
2251 4401 2264 4414 .
2301 4401 2313 4414 .
2349 4401 2362 4414 .
2396 4365 2586 4416 domine
2618 4366 2701 4429 mi,
2736 4369 2800 4430 O,
2844 4368 2915 4428 Ζ,

802 4441 1063 4512 diuturno,
1087 4445 1153 4506 Ο,
1176 4445 1248 4507 V,
1276 4447 1334 4496 Z.
1917 4449 2087 4494 vestra
2102 4444 2288 4508 potius,
2307 4450 2476 4509 pater,
2501 4443 2562 4493 L.

1913 4598 2091 4664 length
2114 4597 2173 4647 of
2203 4597 2290 4648 the
2324 4599 2457 4648 exile
2489 4614 2594 4649 was
2631 4600 2710 4650 six
2749 4585 2916 4666 years,

1910 4679 2013 4728 and
2067 4677 2154 4726 the
2208 4677 2586 4729 reconciliation
2643 4681 2768 4731 with
2825 4682 2914 4732 the

1909 4758 2037 4823 king
2069 4758 2173 4809 had
2197 4759 2352 4808 taken
2372 4759 2516 4822 place
2547 4775 2688 4811 some
2711 4761 2914 4813 months

1907 4837 2086 4889 before
2109 4838 2196 4887 the
2221 4839 2320 4888 end
2343 4839 2402 4889 of
2422 4837 2477 4888 it.

870 4608 893 4632 ⁸
927 4601 1153 4666 Perhaps
1175 4600 1279 4651 this
1299 4603 1451 4652 letter
1472 4600 1635 4665 ought
1656 4606 1710 4650 to
1742 4600 1806 4650 be

802 4683 983 4747 placed
1030 4681 1304 4730 somewhat
1361 4681 1521 4739 laten
1576 4680 1667 4730 but
1721 4679 1805 4729 the

801 4767 831 4791 ‘⁸
856 4761 962 4814 fere
986 4778 1077 4826 per
1110 4759 1432 4826 septennium
1446 4761 1477 4785 ’'
1515 4765 1706 4809 cannot
1742 4759 1806 4809 be

801 4841 1019 4906 literally
1083 4844 1279 4890 correct
1361 4853 1419 4888 as
1487 4836 1572 4886 the
1640 4836 1802 4887 whole
