3634 5800
773 812 903 876 398
1658 825 2014 875 EP1s'roLAE.
2497 808 2654 893 [an.
2691 806 2883 875 1170.

770 1014 1236 1100 compassionis
1298 1015 1556 1091 amisso,
1606 1035 1649 1079 a
1716 1013 2150 1078 tribulatione
2217 1012 2424 1097 ipsius
2471 1012 2569 1076 ita
2613 1010 2879 1077 misera-

768 1116 970 1180 tionis
1015 1116 1279 1182 oculum
1341 1116 1697 1192 avertistis,
1765 1120 1845 1179 ut
1908 1114 2123 1179 dicere
2187 1114 2482 1199 potuerit
2551 1112 2726 1198 quod
2772 1112 2880 1175 vir

768 1218 881 1283 ille
950 1218 1175 1303 justus
1246 1222 1315 1283 et
1382 1219 1740 1282 timoratus
1811 1216 1859 1281 J
1861 1216 1962 1293 ob,
2032 1216 2209 1281 inter
2283 1214 2551 1301 flagella
2624 1215 2881 1301 positus

770 1321 1187 1406 querebatur,
1218 1319 1477 1385 dicens:
1531 1328 1563 1355 “
1584 1319 1852 1384 Fratres
1887 1318 2016 1383 mei
2061 1317 2529 1403 praeterierunt
2575 1338 2680 1381 me
2709 1316 2881 1381 sicut

769 1428 1108 1488 “torrens
1178 1422 1295 1507 qui
1363 1422 1611 1508 raptim
1684 1420 1838 1485 fluit
1903 1420 1975 1483 in
2041 1418 2514 1485 convallibuS.”
2610 1419 2882 1483 Poterat

770 1525 959 1589 vobis
1004 1524 1167 1589 satis
1202 1521 1437 1586 Divini
1475 1522 1715 1608 judicii
1761 1527 2080 1587 terrorem
2127 1520 2469 1597 incutere,1
2524 1520 2702 1605 quod
2747 1536 2882 1584 non

768 1624 1155 1691 ascendistis
1221 1645 1305 1688 ex
1367 1624 1663 1700 adverso,
1727 1644 1849 1687 nec
1911 1622 2228 1708 posuistis
2293 1643 2412 1687 vos
2477 1644 2755 1700 murum,
2803 1626 2883 1685 ut

770 1726 1033 1793 staretis
1093 1746 1210 1811 pro
1276 1725 1470 1789 domo
1539 1724 1812 1790 Domini
1888 1725 1958 1788 in
2029 1724 2134 1788 die
2185 1724 2417 1809 praelii,
2482 1724 2659 1809 quod
2722 1723 2881 1789 facti

770 1828 928 1893 estis
972 1827 1145 1893 sicut
1211 1827 1451 1893 arietes
1516 1848 1651 1891 non
1718 1826 2042 1891 habentes
2111 1846 2361 1892 cornua
2429 1832 2586 1890 ante
2650 1826 2882 1892 faciem

770 1928 1248 2016 subsequentis,
1340 1928 1473 1993 Vos
1520 1930 1792 2014 insuper
1838 1928 1910 1993 in
1957 1950 2128 2006 eum,
2177 1929 2294 2013 qui
2340 1950 2516 1993 unus
2562 1928 2644 1993 de
2694 1934 2885 1994 tanta

771 2031 1205 2096 multitudine
1252 2030 1501 2094 zelatus
1547 2035 1650 2095 est
1698 2030 1910 2115 legem
1944 2028 2234 2105 Domini,
2267 2030 2686 2095 convertistis
2717 2052 2884 2116 prae-

773 2139 957 2216 lium,
990 2143 1076 2213 et,
1107 2137 1281 2202 sicut
1310 2137 1410 2201 ait
1460 2135 1821 2222 propheta:
1872 2134 2155 2221 desuper
2185 2136 2483 2202 tunicam
2513 2136 2886 2202 abstulistis

776 2246 845 2305 et
912 2240 1206 2327 pallium.
1304 2238 1471 2304 Cum
1538 2238 1716 2303 enim
1783 2237 1976 2302 bonae
2045 2238 2376 2303 memoriae
2452 2238 2884 2316 TheobalduS,

775 2342 1209 2429 praedecessor
1239 2340 1535 2426 ejusdem
1568 2339 2062 2426 archiepiscopi,
2093 2339 2434 2406 carissimo
2477 2340 2617 2406 filio
2661 2347 2884 2406 nostro

778 2445 1067 2510 Hem-ico
1132 2442 1505 2529 Anglorum
1590 2442 1729 2528 regi
1802 2463 2128 2519 coronam,
2197 2442 2372 2507 sicut
2437 2442 2698 2520 dicitur,
2765 2442 2890 2506 im-

778 2546 1106 2633 posuerit3
1156 2566 1308 2611 cum
1357 2546 1559 2611 etiam
1624 2550 2004 2611 antecessor
2047 2544 2270 2630 ipsius.
2303 2546 2474 2631 regis
2521 2546 2607 2611 ab
2660 2546 2888 2611 eodem

779 2670 1083 2715 coronam
1130 2647 1475 2732 acceperit,
1544 2668 1622 2712 ac
1690 2668 1807 2732 per
1882 2646 2009 2712 hoc
2056 2646 2556 2712 Cantuariensis
2621 2648 2892 2714 ecclesia

782 2750 967 2835 quasi
1025 2749 1501 2835 possessionem
1552 2746 1665 2832 huj
1678 2770 1750 2812 us
1803 2746 2156 2833 dignitatis
2207 2748 2499 2825 haberet,
2549 2771 2668 2815 vos
2712 2772 2889 2816 nunc

782 2852 941 2916 novi
989 2850 1162 2936 regis
1193 2848 1623 2926 coronationi,
1657 2869 1733 2913 eo
1784 2847 2180 2934 irrequisito,
2235 2849 2307 2913 in
2360 2850 2703 2936 provincia
2733 2851 2890 2937 ejus,

786 2954 1227 3019 ministerium
1298 2953 1437 3017 sive
1528 2973 1867 3018 assensum
1934 2959 2227 3018 vestrum
2301 2954 2610 3039 praebere,
2701 2956 2890 3021 nobis

783 3057 1181 3122 auctoritate
1259 3055 1626 3140 apostolica
1710 3061 1781 3118 et
1863 3055 2109 3120 litteris
2175 3054 2649 3134 inhibentibus
2726 3079 2892 3143 prse-

784 3158 1175 3244 sumpsistis.
1272 3159 1363 3222 Et
1409 3155 1522 3242 qui
1579 3156 1872 3221 relevare
1927 3157 2134 3242 ipsius
2196 3157 2505 3221 exsilium
2559 3159 2892 3243 qualibus-

784 3281 1063 3344 cumque
1083 3257 1108 3296 2
1180 3257 1437 3324 solatiis
1492 3257 1835 3334 debuistis,
1887 3258 2301 3344 aggravastis
2353 3259 2576 3344 potius
2629 3281 2892 3325 causam

786 3363 945 3444 ejus,
1022 3365 1091 3425 et
1138 3382 1336 3446 super
1403 3358 1695 3424 dolorem
1764 3359 2118 3423 vulnerum
2201 3359 2409 3444 ipsius
2459 3359 2667 3445 (quod
2731 3383 2893 3426 moe-

786 3469 1007 3526 rentes
1069 3461 1384 3545 dicimus)
1432 3459 1799 3524 addidistis
1921 3460 2004 3524 In
2075 3481 2205 3546 quo
2275 3461 2470 3536 fact0,
2539 3463 2597 3525 si
2669 3469 2897 3528 contra

786 3585 1097 3649 personas
1146 3568 1400 3628 vestras
1446 3583 1582 3626 non
1628 3567 1952 3646 quantum
1998 3562 2194 3647 culpa
2239 3562 2451 3648 exigit
2495 3585 2894 3642 moveamur,

790 3665 1182 3750 pertransire
1248 3671 1471 3729 tamen
1539 3662 1665 3728 hoc
1728 3663 1853 3726 sub
1915 3663 2180 3728 silentio
2242 3684 2375 3728 non
2439 3664 2767 3745 debemuS,
2812 3687 2896 3731 ne

786 3767 959 3832 forte
1028 3767 1235 3852 (quod
1301 3766 1484 3830 Deus
1550 3771 1813 3830 avertat
1839 3766 1877 3850 !)
1927 3763 2002 3829 et'
2063 3785 2183 3829 nos
2248 3771 2317 3829 et
2381 3787 2500 3830 vos
2568 3770 2900 3834 sententia

789 3871 1055 3935 Divinae
1102 3869 1479 3934 severitatis
1545 3867 1828 3945 addicat,
1899 3867 1955 3930 si
2023 3868 2231 3945 vobis,
2277 3873 2356 3932 ut
2417 3869 2517 3933 ait
2561 3869 2898 3956 propheta,

790 3973 1105 4058 parietem
1152 3971 1562 4057 erigentibus
1608 3992 1727 4034 nos
1774 3991 1924 4034 eum
1972 3969 2117 4034 luto
2161 3970 2409 4054 absque
2455 3972 2660 4056 paleis
2706 3973 2900 4039 linia-

786 4096 949 4151 mus,
998 4079 1067 4138 et
1110 4072 1438 4138 similibus
1474 4061 1767 4136 'aditum
1812 4071 2186 4157 pandamus
2254 4072 2662 4154 excessibus;
2721 4075 2776 4138 si
2822 4097 2901 4140 ea

786 4197 935 4262 quae
1003 4175 1075 4238 in
1141 4173 1353 4239 oculis
1418 4173 1623 4236 etiam
1641 4169 1669 4208 ³
1730 4172 2025 4237 omnium
2095 4193 2442 4258 perperam
2519 4179 2668 4239 acta
2745 4181 2904 4240 sunt

788 4275 1269 4362 neglexerimus
1329 4273 1685 4339 vindicare.
1780 4271 2120 4338 Noveritis
2185 4273 2411 4359 itaque
2457 4297 2576 4340 vos
2647 4277 2900 4342 tamdiu

646 4429 657 4440 .
750 4379 871 4443 'ab
956 4377 1310 4463 episcopali
1403 4375 1631 4452 offici0,
1708 4376 2056 4441 commissa
2131 4376 2321 4440 nobis
2396 4398 2438 4441 a
2527 4376 2670 4442 Deo
2746 4400 2899 4446 auc-

855 4630 871 4663 ¹
906 4633 1185 4694 incurrere,
1204 4630 1275 4681 V.
1402 4607 1407 4610 ι
1967 4631 1988 4663 ³
2021 4628 2188 4692 etiam,
2211 4645 2310 4680 om.
2333 4629 2402 4682 A.

855 4711 878 4744 ²
914 4708 1359 4774 qualibetcunque,
1383 4708 1452 4760 A.
