3634 5800
611 863 758 914 As).
801 852 1028 937 1169]
1511 866 1867 917 nris-rona.
2652 852 2733 919 57

605 1053 876 1129 accitis,
939 1058 1244 1120 concione
1322 1063 1660 1121 contracta
1729 1056 2041 1119 sciscitati
2111 1061 2271 1117 sunt
2338 1077 2379 1117 a
2440 1054 2735 1137 singulis,

613 1160 858 1219 utrum
907 1178 1212 1241 personas
1274 1179 1427 1221 suas
1473 1164 1540 1222 et
1609 1157 1910 1221 eeclesias
1979 1156 2105 1219 sibi
2176 1155 2553 1220 commissas
2614 1156 2737 1218 sub

613 1254 748 1319 illa
797 1258 1044 1322 vellent
1110 1258 1550 1345 appellatione
1615 1258 1867 1324 includi
1932 1280 2081 1343 quae
2148 1258 2399 1321 dudum
2449 1258 2534 1322 ab
2599 1258 2733 1342 epi-

613 1360 846 1442 scopis
915 1362 1154 1424 nostris
1201 1362 1270 1425 in
1339 1361 1532 1426 initio
1580 1361 2131 1445 Quadragesimae,
2180 1360 2431 1425 scilicet
2475 1360 2557 1423 ad
2608 1364 2737 1423 ter-

617 1459 892 1523 minum
960 1460 1464 1537 PurificationiS,
1533 1462 1706 1526 facta
1767 1462 1943 1537 fuit;
2006 1483 2203 1546 quam
2276 1468 2346 1525 et
2410 1461 2737 1526 communi

615 1562 908 1626 consilio
953 1570 1430 1649 proposuerant
1475 1564 1546 1627 in
1593 1565 1845 1628 octavis
1870 1562 1889 1599 ¹
1940 1563 2357 1628 Pentecostes
2407 1564 2738 1627 innovare.

619 1662 1024 1747 Requisitus
1093 1688 1246 1750 ergo
1291 1666 1757 1730 Dunelmensis
1830 1666 2188 1751 episcopus,
2236 1665 2409 1729 sicut
2474 1665 2742 1728 sedebat

619 1765 908 1848 primuS,
955 1768 1296 1852 respondit
1358 1768 1534 1853 quod
1581 1767 1680 1830 illi
1743 1768 2177 1852 appellationi
2226 1788 2355 1831 non
2424 1766 2743 1830 interfue-

621 1873 762 1939 rat,
811 1888 1023 1953 neque
1071 1870 1464 1933 mandatum
1532 1869 1689 1933 inde
1735 1869 2007 1953 aliquod
2053 1869 2627 1932 commonitorium
2675 1868 2745 1931 in

621 1968 900 2053 scriptis
935 1969 1036 2033 vel
1061 1969 1088 2007 2
1131 1972 1272 2034 sine
1304 1971 1566 2055 scriptis
1597 1970 1915 2045 audierat,
1951 1970 2463 2033 deliberaturum
2497 1990 2564 2033 se
2597 1990 2743 2034 cum

622 2072 1148 2157 metropolitano
1187 2095 1305 2137 suo
1352 2094 1550 2158 super
1593 2073 1734 2148 hoc,
1783 2080 1852 2137 et
1898 2072 2224 2157 quidquid
2274 2072 2517 2147 liceret,
2564 2074 2747 2137 salvo

626 2174 870 2237 ordine
905 2175 1030 2238 Dei
1078 2182 1146 2239 et
1176 2196 1313 2250 sue,
1353 2198 1421 2239 se
1454 2174 1753 2240 consulte
1799 2175 2146 2239 facturum.
2231 2174 2478 2237 Meruit
2522 2183 2743 2239 autem

625 2275 763 2339 tali
814 2276 1150 2341 delusione
1196 2278 1488 2341 favorem
1543 2276 1975 2351 audientium,
2012 2282 2079 2339 et
2111 2276 2512 2341 dilationem.
2592 2278 2751 2341 Post

635 2378 793 2442 haec
825 2378 1235 2454 Exoniensis‚
1269 2380 1626 2463 requisitus
1675 2379 1835 2462 quid
1868 2378 2023 2441 inde
2071 2385 2381 2454 censeret,
2412 2380 2753 2464 respondit

623 2502 714 2544 eo
761 2481 1142 2545 inconsulto
1185 2482 1600 2567 coepiscopos
1647 2501 1798 2544 suos
1853 2480 2044 2544 facile
2092 2480 2177 2544 ad
2225 2482 2407 2545 illam
2457 2482 2753 2566 appella-

629 2582 890 2647 tionem
956 2584 1374 2660 convolasse;
1436 2602 1568 2646 non
1635 2605 1823 2667 posse
1870 2584 2119 2667 paritor
2166 2591 2234 2647 et
2302 2584 2415 2646 illa
2460 2585 2751 2669 appella-

633 2684 824 2747 tione
887 2686 1104 2759 inniti,
1152 2692 1215 2748 et
1288 2686 2005 2749 excommunicatorum
2078 2687 2483 2750 consortium
2554 2687 2751 2749 decli-

635 2807 838 2863 nare;
901 2786 1264 2869 periculum
1311 2793 1534 2851 autem
1604 2786 1966 2861 imminere,
2016 2786 2070 2848 si
2134 2788 2373 2849 summi
2424 2786 2754 2871 Isontificis

639 2888 978 2951 sententia
1027 2886 1450 2951 interdictum
1521 2885 1688 2951 illud
1736 2887 2147 2952 corroboret:
2212 2888 2319 2951 cui
2389 2888 2753 2951 discrimini

637 2989 828 3053 nulla
874 3011 942 3054 se
993 2989 1194 3054 vellet
1241 2991 1496 3055 ratione
1544 2991 1971 3054 committere.
2066 2990 2141 3052 Si
2190 2997 2416 3053 tamen
2464 2991 2755 3055 ccclesiae

639 3091 773 3155 Dei
820 3092 1244 3156 consulerent
1291 3092 1622 3176 expedire,
1669 3100 1738 3155 et
1787 3092 2309 3177 prosecutionem
2337 3090 2363 3129 ³
2426 3093 2483 3156 ei
2534 3094 2757 3176 regius

641 3194 842 3257 favor
912 3193 1289 3278 indulgeret
1355 3205 1434 3256 ut
1497 3216 1648 3257 mox
1723 3215 1925 3277 regno
1994 3201 2215 3277 posset
2279 3193 2609 3269 excedere,
2676 3195 2757 3258 dc

639 3316 819 3358 novo
863 3294 1230 3378 appellaret
1275 3315 1316 3358 a
1360 3296 1746 3378 gravamine
1797 3316 1929 3356 non
1978 3295 2167 3358 illato
2214 3295 2327 3358 sed
2375 3295 2754 3372 formidato,

640 3396 800 3459 licet
845 3396 1186 3481 impetrari
1237 3404 1460 3480 posset
1528 3395 1847 3459 adversus
1912 3417 2172 3459 omnem
2238 3398 2756 3482 appellationem

641 3498 924 3582 speciale
969 3498 1384 3562 subsidium:
1451 3499 1712 3582 quodsi
1761 3500 1822 3561 ei
1872 3499 2328 3576 innotesceret,
2361 3516 2429 3565 et
2476 3503 2757 3586 pastoris

643 3601 752 3664 sui
799 3601 1134 3664 sententia
1203 3600 1391 3662 illum
1440 3601 1839 3685 percelleret,
1888 3602 2321 3665 obedienter*
2384 3603 2569 3667 illam
2616 3626 2755 3667 sus-

646 3701 916 3786 ciperet.
1012 3701 1157 3766 Hoc
1204 3701 1382 3765 dicto
1427 3701 1906 3764 Londoniensis
1956 3702 2342 3786 religionem
2392 3703 2535 3787 ejus
2598 3705 2757 3768 ridi-

650 3803 866 3867 culam
939 3803 1112 3879 fecit‚
1161 3810 1230 3868 et
1277 3803 1671 3866 Exoniensis
1741 3803 2048 3887 deinceps
2096 3813 2289 3867 extra
2354 3827 2758 3891 synagogam

649 3906 798 3968 fuit.
879 3905 1149 3969 Accitus
1195 3911 1296 3968 est
1342 3904 1650 3967 dominus
1683 3903 2163 3967 wintoniensis
2195 3928 2314 3990 per
2358 3908 2763 3992 responsales

651 4029 820 4083 su03‚
870 4014 947 4071 ut
992 4006 1172 4092 apud
1219 4005 1788 4069 Northamtunam
1840 4028 2037 4090 super
2084 4007 2199 4070 illa
2245 4009 2610 4092 quaestione
2658 4033 2765 4075 co-

653 4110 973 4194 episcopis
1019 4109 1155 4172 suis
1209 4109 1547 4193 proposita
1593 4108 2031 4191 responderet.
2114 4109 2476 4194 Rescripsit
2538 4112 2765 4196 itaque

655 4212 961 4274 dominus
993 4209 1469 4274 wintoniensis
1499 4209 1611 4284 sic,
1659 4218 1691 4241 “
1717 4209 1855 4273 Lex
1888 4210 2139 4273 Divina
2170 4212 2557 4295 praescribit,
2590 4215 2766 4298 quod

655 4323 687 4346 “
738 4313 1108 4397 appellatus
1138 4312 1224 4376 ad
1271 4312 1586 4396 majorem
1624 4311 1939 4394 judicem,
1986 4312 2073 4375 ad
2122 4313 2497 4377 inferiorem
2544 4316 2765 4401 appel-

657 4423 690 4448 “
739 4414 876 4479 lare
920 4435 1055 4478 non
1085 4419 1324 4499 potest.
1393 4412 1692 4494 Quilibet
1724 4420 1949 4478 autem
1985 4413 2099 4498 qui
2133 4415 2445 4500 appellat,
2476 4417 2765 4503 appella-

684 4581 921 4588 —...———
939 4579 1488 4587 ——-—-———-———
1518 4578 1753 4584 --—-——---
1774 4578 1902 4585 -———-—-
2018 4579 2112 4586 ο---
2145 4581 2190 4586 -—
2221 4581 2349 4587 --—

738 4678 752 4710 ¹
791 4679 985 4740 Octob’,
1011 4680 1094 4739 A;
1131 4682 1331 4736 octava,
1353 4675 1411 4726 L.
1826 4677 1847 4708 ³
1878 4679 2288 4742 persecutionem,
2312 4679 2376 4732 V.

732 4759 750 4792 ²
789 4759 862 4807 vel
884 4760 990 4807 εἰπε
1012 4758 1233 4823 scriptis,
1255 4772 1353 4804 oni.
1382 4757 1438 4804 11·
1832 4757 1849 4787 ⁴
1885 4757 2225 4814 obedienciam,
2250 4763 2312 4808 Ο.
