3634 5800
566 1901 676 1952 The
693 1902 878 1967 bishop

914 854 1040 914 188
1793 873 2149 922 Emsromc.
2632 859 2791 942 [Am.
2828 861 3027 928 1169.

908 1056 1268 1142 susceperit
1312 1076 1434 1120 nos
1495 1061 1718 1121 vestra
1767 1057 2074 1124 discretio
2124 1058 2208 1124 de
2262 1078 2459 1124 manu
2526 1060 2735 1146 ipsius
2763 1061 3029 1147 propria

909 1158 1406 1244 protegendum,
1455 1179 1531 1224 ac
1580 1160 1662 1223 de
1705 1164 1943 1226 caetero
1992 1159 2353 1226 fovendum
2416 1162 2735 1228 adversus
2796 1183 3024 1228 omnes

908 1259 1224 1337 homineS,
1256 1265 1532 1346 excepto
1565 1261 1833 1326 domino
1884 1283 2059 1349 papa
2085 1267 2109 1327 ’ἒ
2204 1263 2533 1344 Quorsum
2588 1263 2865 1331 evanuit
2895 1265 3029 1330 ista

908 1364 1282 1448 susceptio.
1265 1368 1288 1414 ²
1379 1363 1538 1429 Non
1587 1363 1897 1457 equidem
1956 1364 2288 1430 credimus
2348 1389 2437 1432 ex
2494 1372 2658 1433 tunc
2706 1367 3021 1454 temporis

908 1466 1102 1552 culpa
1123 1465 1148 1504 ¹
1208 1466 1415 1552 ipsius
1482 1467 1655 1552 regis
1727 1465 1956 1551 aliqua
2028 1467 2388 1545 excidissc3
2458 1469 2829 1555 scimusque
2904 1491 3024 1556 pro

908 1572 1084 1634 certo
1147 1591 1232 1634 ex
1295 1573 1486 1654 parte
1549 1573 1780 1634 nostra
1842 1569 2103 1634 nullum
2166 1591 2326 1656 erga
2389 1591 2507 1636 vos
2576 1571 3023 1638 intercessisse

906 1670 1237 1747 delictum,
1286 1691 1415 1756 quo
1463 1671 1882 1736 debuerimus
1929 1675 1996 1736 et
2042 1673 2327 1758 gratiam
2376 1678 2670 1739 vestram
2717 1675 3017 1740 demeru-

905 1773 1032 1840 isse
1079 1778 1149 1838 et
1192 1775 1629 1860 promeruisse
1675 1774 2011 1840 offensam.
2102 1774 2270 1842 Haec
2312 1773 2651 1842 hactenus.

993 1876 1326 1942 Caeterum
1373 1883 1455 1941 ut
1501 1875 1847 1940 veniamus
1891 1876 1977 1942 ad
2030 1897 2187 1953 rem,
2233 1876 2489 1944 accedit
2534 1878 3021 1944 Lundoniensis

565 1968 625 2018 of
643 1971 860 2020 1³⁰¹¹d⁰¹²
905 1998 1056 2044 cum
1131 1979 1346 2044 multa
1437 1978 1909 2044 acceleratione
1984 1978 2069 2043 ad
2140 1977 2430 2057 Curiam,
2508 1979 2681 2046 sicut
2757 1981 3019 2058 dicitur,

563 2036 800 2101 goingto

565 2103 652 2154 the
678 2119 826 2168 pope

905 2103 1136 2148 suasus
1181 2103 1222 2147 a
1265 2081 1474 2158 vobiS,
1519 2086 1599 2147 ut
1664 2082 1929 2146 nemine
1975 2081 2057 2146 de
2120 2080 2365 2146 nostris
2427 2081 2567 2146 ibi2
2610 2083 2867 2150 nuntiis
2912 2083 3015 2149 in-

902 2191 1106 2252 vento
1182 2183 1539 2272 paucisque
1615 2183 1862 2261 amicis,
1926 2203 2107 2248 nunc
2168 2183 2433 2249 blandis
2500 2185 3016 2264 adulationibus,

900 2308 1076 2352 nunc
1152 2286 1692 2374 promissionibus
1767 2285 2149 2362 innumeris,
2213 2307 2393 2352 nunc
2466 2287 2665 2352 minis
2730 2309 2809 2354 ac
2884 2293 3015 2354 ter-

901 2389 1158 2455 roribus
1221 2389 1360 2454 suis
1421 2409 1500 2454 ac
1569 2388 1761 2474 regie,
1807 2386 1904 2451 ibi
1972 2393 2419 2472 consequatur
2482 2387 2767 2474 gratiam
2836 2391 3013 2456 unde

900 2492 1110 2579 magis
1155 2491 1400 2556 meruit
1443 2486 1774 2574 recipere³
1807 2509 2121 2573 poenam;
2164 2489 2321 2553 inde
2366 2487 2849 2556 absolutionem
2896 2513 3015 2556 ex-

899 2597 1224 2680 torqueat,
1257 2591 1435 2657 unde
1465 2591 1677 2678 magis
1721 2591 1971 2655 meruit
1998 2595 2333 2676 reportare
2380 2591 3009 2661 condemnationem.

901 2697 1044 2763 Nec
1119 2695 1493 2782 praetendat
1557 2694 1911 2780 quisquam
1980 2697 2279 2758 vestrum
2342 2693 2515 2760 hanc
2574 2717 2715 2760 esse
2788 2696 3010 2762 sedem

898 2797 1377 2878 misericordiae,
1422 2817 1571 2883 quse
1637 2795 2055 2881 frequentius
2122 2795 2393 2882 pietatis
2439 2795 2695 2864 intuitu
2738 2819 3008 2866 consue-

898 2908 1003 2973 vit
1059 2906 1354 2973 misereri
1399 2902 1825 2993 peccantibus
1890 2925 2089 2990 quam
2150 2904 2473 2991 corripere
2532 2905 3008 2993 delinquentes,

897 3011 1139 3078 Verum
1173 3008 1643 3096 respondemus
1673 3006 1865 3071 vobis
1897 3005 2069 3091 quod
2118 3006 2285 3073 dicit
2330 3007 2697 3093 scriptura:
2756 3008 3011 3075 Amant

893 3137 962 3181 se
1031 3112 1302 3200 justitia
1375 3116 1448 3175 et
1507 3130 1643 3196 pax
1719 3113 2013 3186 eatenuS,
2088 3112 2171 3173 ut
2246 3107 2361 3193 qui
2426 3106 2591 3174 facit
2651 3109 3007 3194 justitiam,

895 3214 1194 3281 inveniet
1214 3215 1242 3254 ⁴
1300 3234 1544 3299 pacem,
1579 3215 1648 3277 et
1692 3230 1829 3276 non
1874 3210 2090 3275 aliter.
2164 3208 2211 3273 J
2212 3209 2450 3274 ustitia
2494 3210 2742 3276 etenim
2774 3216 2845 3277 et
2872 3233 3009 3299 pax

891 3318 1176 3385 invicem
1223 3315 1534 3382 osculatae
1579 3318 1751 3379 sunt.
1830 3312 2062 3378 Unum
2108 3316 2335 3377 tamen
2378 3316 2482 3377 est
2511 3312 2689 3398 quod
2718 3314 3007 3401 petimus

893 3443 1088 3509 super
1132 3420 1372 3496 omnia,
1418 3437 1760 3503 nunquam
1828 3437 1871 3481 a
1932 3420 2157 3481 mente
2218 3419 2443 3480 vestra
2504 3414 2649 3481 fieri
2692 3417 3017 3497 alienum,

894 3523 1206 3611 quoniam
1252 3542 1509 3607 semper
1572 3517 1985 3607 protrahitur
2008 3516 2034 3556 ⁸
2082 3518 2370 3583 avaritia
2438 3516 2795 3584 latentium
2814 3517 2841 3557 ⁶
2900 3520 3005 3585 in-

894 3625 1204 3713 dagatrix
1279 3623 1629 3700 lucrorum,
1715 3620 2219 3705 manifestaeque
2296 3619 2539 3704 praedae
2614 3618 3005 3685 avidissima

891 3749 1153 3814 vorago,
1199 3746 1412 3811 neque
1457 3722 1746 3788 habendi
1791 3722 2021 3788 fructu
2068 3720 2249 3797 felix,
2296 3724 2366 3785 et
2410 3721 2779 3807 cupiditate
2825 3743 3003 3807 quae-

891 3828 1080 3895 rendi
1126 3825 1508 3892 miserrima.
1573 3824 1809 3889 Videte
1844 3844 2017 3909 erg0,
2046 3821 2104 3887 si
2150 3821 2385 3907 placet,
2416 3842 2502 3886 ne
2548 3843 2667 3887 vos
2714 3822 3008 3909 decipiat

891 3932 1145 3997 versuti
1191 3927 1480 3994 hominis
1545 3924 1901 3991 artificiosa
1964 3924 2365 4011 malignitas,
2411 3923 2691 4010 palliata
2748 3924 3002 4011 relig-ie,

891 4034 1126 4101 illicita
1152 4032 1512 4109 curiositas,
1543 4028 1891 4115 promissio
1936 4047 2131 4105 vana,
2176 4046 2453 4092 munera
2502 4026 2710 4112 (quod
2756 4027 2933 4093 absit
2958 4029 3002 4111 Ξ)

892 4158 1040 4224 quae
1120 4139 1455 4200 excaecant
1513 4131 1735 4197 oculos
1797 4136 1871 4195 et
1944 4130 2083 4193 vim
2164 4128 2585 4195 auctoritatis
2654 4128 2999 4206 inclinant,

892 4260 1173 4327 quorum
1217 4236 1372 4301 finis
1439 4232 1768 4311 interituS,
1816 4252 2098 4317 quorum
2148 4230 2403 4297 fructus
2449 4230 2673 4317 pulvis
2718 4236 2790 4296 et
2834 4230 3001 4297 cinis

891 4364 1042 4429 quae
1105 4336 1457 4406 exsufflata
1517 4336 1586 4401 in
1653 4338 1934 4400 ventum
2000 4331 2195 4400 facile
2252 4338 2693 4413 evanescunt3
2740 4355 2844 4413 ne,
2896 4333 2999 4399 in·

959 4640 974 4675 ¹
1012 4639 1224 4705 culpam,
1249 4638 1307 4687 Z.
2064 4629 2081 4659 ⁴
2116 4628 2352 4688 inveniat,
2376 4626 2441 4679 L.

955 4721 978 4754 ²
1011 4719 1206 4769 vinaciis
1229 4716 1409 4781 ibique,
1431 4712 1502 4763 A.
2060 4708 2081 4739 ⁵
2108 4705 2469 4771 protrahimur,
2492 4706 2555 4757 Ο.

955 4800 976 4833 ³
1013 4800 1235 4863 recipere
1272 4833 1282 4846 .
1322 4832 1332 4844 .
1371 4830 1383 4843 .
1418 4792 1733 4851 mammem.
1755 4788 1815 4839 L.
2062 4786 2083 4819 ⁶
2116 4786 2421 4846 lactentium,
2445 4786 2512 4839 A.
