3634 5800
898 908 1029 972 380
1774 920 2132 969 EPISTOLAE.
2611 904 2773 988 [an.
2812 904 3004 975 1170.

896 1102 1000 1167 illi
1075 1124 1241 1189 quos
1314 1105 1909 1171 excommunicatio
1977 1110 2098 1169 tua
2180 1104 2573 1183 involverat,
2640 1103 3003 1170 secundum

898 1206 1199 1271 mandati
1242 1206 1455 1271 nostri
1500 1210 1797 1282 tenorem
1819 1206 1846 1245 ¹
1908 1207 2396 1286 satisfecissent,
2439 1230 2526 1273 ne
2569 1207 2672 1273 illi
2717 1208 2800 1271 de
2863 1228 3004 1271 ma-

896 1306 1047 1373 litia
1092 1329 1212 1374 sua
1278 1308 1548 1374 valeant
1593 1308 1862 1394 gloriari
1908 1314 1978 1373 et
2035 1309 2330 1375 inaniter
2393 1310 2521 1375 sibi
2585 1302 3004 1395 applaudere,

894 1407 1301 1475 fraternitati
1368 1414 1606 1475 vestrae
1672 1432 1791 1497 per
1852 1411 2214 1497 apostolica
2273 1411 2524 1497 scripta
2589 1412 3003 1488 mandamuS,

896 1516 965 1574 et
1010 1510 1083 1575 in
1126 1511 1380 1577 virtute
1426 1509 1822 1577 obedientiae
1865 1512 2296 1599 injungimus,
2351 1518 2680 1599 quatenus
2723 1513 2856 1577 nisi
2901 1512 3005 1576 illi

896 1610 1012 1695 qui
1059 1613 1611 1679 excommunicati
1658 1612 1934 1679 fuerunt
1992 1636 2110 1700 per
2176 1620 2612 1681 memoratum
2680 1614 3006 1701 archiepi-

896 1733 1167 1800 scopum
1231 1721 1302 1781 et
1364 1715 1761 1802 episcopum,
1823 1716 1926 1781 vel
1993 1738 2114 1803 per
2179 1706 2474 1803 aliquem
2539 1717 2622 1782 de
2683 1716 3005 1782 mandato

895 1816 1206 1901 ipsorum,
1282 1816 1719 1884 absolutionis
1794 1818 2189 1885 beneficium
2275 1820 2638 1885 secundum
2723 1818 3004 1885 formam

894 1922 1189 1983 nostram
1280 1926 1801 2007 promeruerunt,
1879 1925 1950 1987 et
2045 1921 2347 1987 ecclesias
2423 1928 2493 1987 et
2565 1920 3006 2008 possessiones

896 2021 1393 2089 Cantuariensis
1462 2023 1751 2090 ecclesiae
1814 2030 1884 2089 et
1947 2025 2244 2089 omnium
2309 2046 2598 2103 suorum,
2643 2031 2716 2090 et
2779 2046 3006 2091 omnes

892 2124 1147 2190 fructus
1214 2126 1371 2191 inde
1440 2132 1800 2213 perceptoS,
1847 2127 2026 2193 infra
2091 2127 2338 2213 viginti
2406 2128 2548 2193 dies
2609 2134 2764 2214 post
2830 2148 3006 2193 com-

894 2228 1325 2293 monitionem
1354 2234 1561 2293 tuam
1606 2235 1677 2294 et
1740 2234 2027 2307 tuorum,
2081 2230 2584 2316 resignaverint,
2633 2250 2764 2308 e08,
2829 2228 3007 2293 infra

892 2330 1269 2415 quindecim
1315 2330 1456 2395 dies
1500 2336 1856 2418 postquam
1900 2320 2143 2397 litterae
2203 2336 2448 2397 nostrae
2493 2332 2576 2397 de
2620 2332 2748 2397 hac
2809 2351 3008 2399 causa

892 2433 980 2499 ad
1025 2434 1417 2520 praedictum
1482 2434 2050 2522 archiepiscopum
2099 2440 2168 2501 et
2238 2437 2619 2522 episcopum
2686 2456 3008 2521 pervene-

892 2534 1045 2612 rint,
1094 2535 1168 2599 in
1235 2536 1511 2602 eandem
1576 2537 1976 2603 sententiam
2045 2537 2369 2615 reductOS,
2417 2537 2598 2602 omni
2668 2537 3006 2603 occasione

893 2642 963 2702 et
1007 2636 1451 2724 appellatione
1497 2642 1770 2717 remota,
1821 2644 2141 2723 tanquam
2187 2639 2789 2705 excommunicatos
2833 2638 3010 2703 vite·

891 2738 1001 2816 tis,
1046 2744 1116 2804 et
1156 2740 1245 2805 ab
1290 2740 1595 2806 omnibus
1640 2762 1757 2825 per
1802 2739 2146 2827 parochias
2191 2746 2448 2805 vestras
2507 2740 2788 2822 faciatis,
2835 2740 3009 2805 sicut

890 2840 1153 2928 publice
1199 2844 1817 2921 excommunicat08‚
1865 2843 2085 2923 vitari,
2134 2843 2339 2910 donec
2405 2842 2491 2909 ab
2555 2844 2718 2932 ipsis
2780 2864 3010 2930 supra-

892 2944 1074 3009 dicta
1136 2945 1359 3010 omnia
1422 2945 1896 3031 compleantur.
1989 2945 2063 3010 Si
2132 2967 2291 3011 vero
2359 2944 2580 3011 clerici
2644 2944 2854 3030 aliqui
2923 2967 3010 3010 ex

892 3044 1025 3110 illis
1086 3046 1582 3132 praesumserint
1627 3047 1954 3113 celebrare
2025 3047 2274 3124 divina,
2321 3046 2429 3112 vel
2475 3046 2859 3113 divinorum
2905 3048 3009 3112 in-

892 3153 1135 3214 teresse
1186 3147 1635 3226 celebrationi,
1682 3148 1790 3213 vel
1857 3148 2146 3234 aliquem
2213 3148 2619 3214 sacerdotem
2689 3149 2775 3214 ad
2843 3148 3011 3214 cele-

892 3247 1221 3314 brandum
1268 3252 1623 3336 coegerint,
1668 3251 1847 3337 ipsos
1894 3250 2076 3315 omni
2123 3248 2334 3316 officio
2381 3255 2452 3316 et
2512 3249 2831 3316 beneficio
2875 3251 3010 3336 pri-

894 3356 1085 3417 vatos
1131 3351 1558 3431 denuntietis,
1604 3357 1673 3417 et
1738 3374 1855 3440 per
1917 3357 2126 3418 totam
2195 3357 2439 3419 terram
2514 3351 2686 3438 regis
2752 3349 3012 3417 faciatis

893 3453 1190 3537 privatos
1259 3452 1662 3518 denuntiari.
1780 3452 1854 3517 Si
1923 3473 2082 3517 vero
2154 3452 2307 3518 laici
2395 3451 2665 3530 fuerint,
2735 3457 3014 3539 excepto

894 3574 1047 3639 rege
1098 3559 1169 3618 et
1232 3553 1370 3619 filio
1434 3576 1570 3630 suo,
1635 3555 1751 3640 qui
1798 3553 1964 3620 talia
2032 3553 2543 3641 praesumserint‚
2615 3554 2709 3619 eis
2775 3554 3008 3620 duram

892 3655 1474 3722 comminationem
1538 3655 1817 3734 faciatis),
1891 3661 1961 3720 et
2023 3657 2120 3721 eis
2180 3655 2602 3721 formidinem
2669 3655 3013 3721 incutiatis

896 3762 966 3822 et
1011 3761 1328 3823 terrorem
1374 3757 1569 3842 quod,
1616 3757 1748 3822 nisi
1794 3758 2197 3834 destiterint,
2242 3757 2536 3843 graviori
2590 3777 2790 3843 poena
2835 3757 3012 3844 plec-

896 3865 1145 3937 tentur,
1193 3865 1277 3937 et,
1326 3881 1667 3945 quousque
1714 3861 2151 3938 satisfaciant,
2196 3881 2239 3925 a
2283 3860 2555 3926 ferendo
2629 3861 2855 3925 testim
2864 3859 3016 3926 onio
3073 3865 3076 3868 ’

894 3961 1317 4048 repellantur.
1407 3961 1660 4028 Datum
1679 3961 1706 4000 ²
1746 3962 2072 4049 Anagniae
2093 3962 2119 3999 ⁸
2150 3963 2431 4048 septimo
2495 3963 2646 4027 idus
2692 3962 3012 4028 Octobris.

966 4189 985 4222 ¹
1022 4198 1249 4250 tenorem,
1274 4189 1337 4252 O,
1362 4190 1434 4251 V,
1460 4190 1499 4240 Z
1522 4210 1535 4250 ς
1558 4191 1795 4254 sormam,
1821 4187 1884 4239 L.
1949 4191 1962 4300 Ι
2065 4189 2089 4222 ⁸
2125 4189 2379 4254 Ammine,
2403 4191 2456 4240 Z.

964 4267 987 4302 ‘⁴'
1023 4269 1191 4332 Data,
1216 4268 1271 4318 Z.
1952 4301 1961 4322 t
