3634 5800
609 1548 756 1627 Yirg.
779 1552 898 1602 AEn.

609 1633 674 1668 vl.
701 1623 814 1669 864.

604 1708 860 1785 lglxhorta-

604 1780 710 1825 uon
733 1782 787 1825 to

605 1840 874 1906 liberality.

953 932 1032 995 12
1844 948 2201 1000 amsa-oms.
2650 938 2813 1020 [A.D.
2850 940 2883 999 1
2898 938 3046 1003 169.

944 1132 1204 1217 cipiatis
1251 1132 1322 1195 in
1389 1132 1627 1197 laetitia
1669 1138 1740 1196 et
1801 1134 2262 1199 exsultatione.
2360 1134 2563 1199 Venit
2630 1136 2806 1199 enim
2876 1140 3042 1199 tem·

943 1234 1122 1318 poris
1165 1234 1532 1320 plenitud0‚
1575 1241 1657 1300 ut
1721 1235 1988 1301 Satanae
2043 1258 2177 1301 non
2239 1236 2455 1309 liceat,
2505 1238 2783 1303 ulterius
2851 1241 3045 1303 tanto

943 1334 1165 1401 furore
1211 1336 1285 1399 in
1332 1336 1668 1402 ecclesiam
1715 1336 2101 1402 debacchari
2130 1362 2145 1415 ;
2209 1343 2279 1403 et
2322 1344 2515 1423 pater
2557 1347 2781 1406 vester
2822 1344 3044 1424 potes-

945 1440 1149 1501 tatem
1199 1436 1450 1523 accepit
1495 1460 1536 1503 a
1581 1437 1884 1514 Domine,
1931 1443 2009 1502 ut
2055 1439 2263 1523 possit

1213 1582 1248 1609 “
1273 1576 1542 1642 Parcere
1590 1576 1904 1662 subjectis
1949 1582 2019 1641 et
2063 1577 2390 1643 debellare
2438 1578 2809 1665 superbos?

941 1716 1222 1783 Utinam
1267 1717 1545 1783 videant
1613 1717 1786 1785 oculi
1854 1717 1987 1783 mei
2032 1740 2149 1783 vos
2196 1740 2332 1803 prae
2376 1719 2633 1785 caeteris
2679 1720 2761 1785 de
2806 1718 3043 1785 merito

939 1819 1282 1885 nobilitari
1327 1842 1515 1905 posse
1560 1820 1633 1885 in
1677 1819 2125 1885 consolatione
2194 1825 2576 1886 sanctorum
2636 1821 3043 1907 compatien-

939 1921 1112 1985 tium
1157 1921 1364 1987 nobiS.
1455 1921 1734 1987 Utinam
1782 1942 1901 1985 vos
1944 1921 2175 1987 artiori
2208 1922 2506 1987 caritatis
2538 1922 2805 1989 vinculo
2836 1922 3045 1989 socios

937 2023 1164 2109 gaudii
1231 2024 1439 2089 nostri
1506 2024 1576 2088 in
1642 2024 1865 2088 reditu
1933 2010 2427 2109 amplectamur.
2522 2024 2804 2089 Utinam
2866 2046 3045 2091 nunc

941 2132 1162 2191 vestra
1207 2125 1555 2211 diligentia
1599 2126 1882 2189 seminet
1926 2126 1999 2189 in
2043 2125 2356 2190 ariditate
2418 2126 2861 2211 indigentium
2910 2126 3040 2193 fra-

937 2234 1134 2303 trum,
1181 2234 1251 2293 et
1313 2227 1601 2293 maxime
1670 2228 1744 2291 in
1808 2227 2000 2293 corde
2066 2227 2277 2311 patris
2342 2228 2567 2307 vestri,
2616 2229 2794 2313 quod
2860 2233 3041 2313 post-

937 2330 1204 2395 modum
1251 2330 1517 2395 metatis
1563 2330 1635 2391 in
1679 2328 1942 2414 gaudio,
2036 2328 2237 2393 Scitis
2298 2329 2447 2413 quis
2468 2328 2491 2365 ¹
2538 2328 2803 2405 dixerit,
2852 2338 2885 2361 “
2908 2328 3041 2409 Qui

936 2440 966 2465 “
1013 2453 1208 2518 parce
1276 2432 1576 2507 seminat,
1645 2452 1839 2515 parce
1904 2436 1973 2494 et
2041 2434 2264 2505 metet,
2311 2435 2379 2494 et
2444 2429 2560 2515 qui
2623 2430 2910 2495 seminat
2968 2431 3041 2495 in

937 2542 968 2567 “
1013 2532 1598 2609 benedictionibus,
1629 2532 1711 2597 de
1757 2529 2328 2597 benedictionibus
2360 2537 2429 2595 et
2457 2531 2717 2597 metet.’'
2814 2531 3041 2612 Quid?

935 2634 1209 2718 inquies,
1303 2634 1474 2699 Cum
1533 2632 1751 2719 gratia
1815 2631 2165 2716 temporali
2210 2632 2421 2697 vitam
2482 2637 2814 2697 aeternam.
2908 2631 3042 2699 Sed

933 2736 1214 2801 fortasse
1258 2734 1725 2821 pertimescitis
1794 2734 2010 2799 minas
2077 2733 2537 2800 insidiantium
2586 2739 2657 2799 et
2701 2734 3041 2801 intentan-

936 2836 1107 2903 tium
1153 2836 1412 2904 labores
1457 2842 1525 2902 et
1571 2836 1843 2913 doloreS,
1890 2840 1968 2899 ut
2014 2856 2148 2899 non
2194 2834 2499 2902 audeatis
2528 2835 2725 2922 ‚quod
2772 2841 3038 2922 tempus

935 2939 1160 3025 exigit,
1209 2943 1279 3004 et
1323 2937 1612 3004 ecclesiae
1657 2938 1952 3025 deposcit
1996 2937 2369 3015 necessitas,
2418 2937 2492 3002 in
2513 2935 2538 2976 2
2581 2937 2899 3025 lacrymis
2940 2960 3037 3004 se-

933 3042 1222 3120 minare;
1283 3043 1396 3108 sed
1457 3039 1749 3128 profecto
1794 3041 1927 3105 fere
1976 3040 2116 3115 soli,
2163 3041 2279 3124 qui
2324 3040 2661 3106 seminant
2706 3041 2779 3104 in
2824 3039 3041 3126 lacry-

933 3144 1077 3221 mis,
1123 3145 1194 3208 in
1237 3143 1480 3230 gaudio
1525 3147 1798 3208 metent.
1892 3139 2083 3204 Nihil
2128 3147 2230 3206 est
2259 3142 2435 3226 quod
2466 3141 2657 3207 nobis
2704 3141 2992 3207 defuerit
3016 3139 3042 3178 ³

935 3247 1290 3324 hactenus3
1359 3244 1768 3330 opulentiam
1831 3249 1900 3307 et
1960 3243 2270 3328 quietem,
2314 3242 2464 3308 aliis
2512 3243 2585 3308 in
2630 3247 2924 3328 egestate
2970 3249 3041 3310 et

933 3348 1154 3414 labore
1229 3368 1349 3432 pro
1423 3344 1800 3410 defensione
1876 3343 2165 3408 ecclesias
2256 3343 2731 3422 laborantibus,
2806 3343 3038 3410 divina

935 3449 1152 3535 gratia
1197 3446 1642 3512 ministravit:
1707 3465 1888 3510 nunc
1932 3445 2217 3522 demum,
2254 3445 2311 3508 si
2357 3445 2635 3532 placeat,
2682 3456 2751 3511 et
2795 3451 3037 3512 vestrae

935 3549 1313 3616 discretioni
1361 3549 1580 3614 visum
1625 3546 1731 3624 sit,
1779 3551 1859 3610 ut
1918 3546 2433 3630 compassionem
2476 3547 2794 3624 caritatis,
2837 3569 3039 3633 quam

935 3649 1353 3715 tribulationi
1423 3649 1704 3714 fratrum
1750 3646 1971 3711 verbis
2025 3646 2281 3732 jugiter
2340 3649 2789 3732 praetendistis
2849 3648 3039 3714 exhi-

933 3753 1185 3817 bitione
1246 3749 1459 3837 operis
1483 3749 1508 3786 ‘¹
1569 3748 2024 3834 comprobetis.
2118 3749 2274 3812 Non
2320 3749 2590 3833 quidem
2636 3756 2714 3815 ut
2758 3749 2893 3814 illis
2938 3773 3036 3818 re-

934 3855 1159 3919 missio
1204 3855 1314 3930 sit,
1358 3858 1429 3918 et
1471 3850 1662 3916 vobis
1727 3848 2117 3928 tribulatio;
2180 3850 2292 3915 sed
2340 3873 2424 3916 ex
2489 3851 2889 3937 aequalitate,
2959 3858 3039 3916 ut

932 3958 1005 4022 in
1049 3956 1361 4042 praesenti
1407 3961 1700 4039 tempore
1729 3957 1955 4016 vestra
1998 3951 2427 4030 abundantia,
2460 3953 2515 4016 si
2560 3975 2697 4018 non
2728 3954 3037 4022 fraternae

934 4057 1143 4142 (quod
1189 4057 1565 4142 oporteret),
1611 4054 1851 4120 saltem
1910 4057 2232 4138 paternae,
2298 4053 2543 4138 inopiae
2608 4056 2701 4120 sit
2770 4057 3040 4142 supple-

935 4165 1236 4225 mentum
1283 4158 1516 4223 adhuc.
1609 4155 1931 4240 Alioquin
2002 4160 2239 4240 patens
2303 4155 2433 4219 erit
2500 4155 2842 4241 iniquitas
2908 4160 3026 4226 ubi

932 4261 1114 4325 nulla
1177 4260 1648 4345 aequandorum
1723 4257 2054 4342 reperitur
2126 4256 2493 4340 aequalitas,
2561 4259 2739 4323 Nam
2792 4260 2873 4326 de
2918 4260 3027 4325 his

933 4363 1044 4447 qui
1081 4362 1426 4427 unanimes
1459 4364 1807 4424 versantur
1860 4358 1932 4422 in
1992 4357 2187 4422 domo
2232 4357 2505 4422 Domini
2550 4361 2873 4446 scriptum
2919 4369 3038 4444 est,

933 4473 967 4498 “
1017 4463 1150 4544 Qui
1210 4461 1498 4526 multum
1563 4459 1851 4524 habebat
1912 4481 2049 4524 non
2112 4458 2503 4536 abundavit,
2548 4466 2619 4525 et
2666 4463 2781 4546 qui
2828 4465 3025 4530 modi·

1240 4603 1297 4608 —-
1314 4602 1379 4607 —-—
1396 4597 1815 4607 ——-—-.-—-——-—a
1843 4599 2033 4605 --———-
2047 4599 2082 4604 .—

1001 4678 1018 4710 ²
1053 4679 1180 4741 quis,
1202 4678 1276 4736 L;
1311 4675 1449 4741 quid,
1475 4675 1538 4736 O,
1563 4675 1618 4724 Ζ.
2094 4672 2117 4704 ³
2152 4671 2331 4736 ‹lq-ficit,
2354 4672 2421 4723 L.

997 4757 1018 4789 ²
1053 4759 1106 4805 iu
1142 4793 1153 4805 .
1192 4793 1202 4804 .
1241 4793 1254 4806 .
1291 4791 1304 4804 .
1339 4753 1585 4818 lacrymis,
1610 4753 1673 4812 Ο,
1698 4753 1772 4810 Ζ;
1828 4750 1933 4810 Qui
2101 4753 2121 4784 ⁴
2154 4753 2332 4815 operis,
2355 4751 2437 4812 G;
2474 4767 2573 4803 om.
2598 4755 2659 4804 L.

932 4839 1176 4888 seminant
1199 4837 1253 4884 iu
1279 4835 1530 4898 lacrymis,
1554 4840 1617 4894 et,
1641 4831 1708 4883 L.
