3634 5800
881 925 920 985 4
1763 933 2122 983 sms'rorffl.
2458 974 2474 984 .
2610 916 2768 999 [A.D.
2808 912 2997 981 1169.

882 1138 1066 1183 secus
1097 1124 1214 1195 est,
1247 1116 1590 1203 quoniam¹
1631 1138 1829 1202 opera
1854 1137 2077 1182 eorum
2110 1137 2244 1181 non
2277 1114 2507 1179 modo‘2
2526 1117 2995 1201 praecesserunt

883 1221 970 1285 ad
1006 1222 1352 1305 judicium,
1421 1221 1536 1285 sed
1621 1222 1692 1283 in
1757 1242 1826 1284 se
1902 1219 2090 1305 quasi
2156 1218 2413 1305 pigram
2480 1224 2549 1283 et
2614 1218 2991 1283 tardantem

886 1323 1502 1389 condemnationem
1579 1322 2085 1411 provocabant„
2122 1326 2192 1386 et
2266 1342 2403 1386 non
2480 1327 2765 1397 tantum,
2842 1342 2993 1385 cum

889 1425 1274 1512 oportuerit,
1353 1426 1437 1489 ab
1513 1423 1898 1489 hominibus
1966 1422 2463 1500 convincentur,
2532 1424 2649 1488 sed
2708 1422 2952 1488 clamat
2971 1416 2997 1457 ³

889 1534 1123 1591 contra
1167 1549 1276 1592 eos
1325 1527 1554 1593 caelum
1607 1531 1676 1591 et
1743 1532 1937 1591 terra.
2032 1524 2229 1589 Unde
2276 1533 2344 1589 et
2390 1526 2485 1589 eis
2530 1524 2996 1611 appellationis

889 1628 1258 1693 subsidium
1304 1651 1345 1693 a
1392 1628 1690 1693 Romano
1735 1626 2057 1713 pontifice,
2102 1628 2255 1712 jure
2302 1626 2717 1691 subtractum
2764 1630 2883 1703 est,
2928 1628 2996 1689 et

889 1731 1376 1817 archiepiscopo
1422 1732 1496 1795 in
1541 1731 1759 1815 ipsum
1826 1728 2093 1815 regem,4
2136 1734 2204 1795 et
2249 1749 2526 1813 regnum
2574 1733 2645 1793 et
2688 1748 2999 1813 personas

891 1833 1079 1919 regni
1143 1832 1385 1897 collata
1453 1832 1664 1917 plenae
1739 1831 2093 1917 potestatis
2156 1830 2519 1895 auctoritas
2588 1829 2673 1895 ad
2736 1850 2998 1893 omnem

891 1935 1410 2001 inobedientiam
1509 1934 1931 2019 puniendam,
2012 1938 2081 1997 et
2170 1932 2621 2018 reprimendos
2712 1932 2997 1998 ecclesiae

890 2036 1358 2109 malefactores,
1437 2040 1505 2099 et
1573 2056 1739 2099 suos.
1803 2034 2109 2099 Procedit
2174 2055 2327 2120 ergo
2396 2034 2697 2097 munitus
2740 2038 2999 2119 aposto-

891 2140 1035 2205 licae
1111 2138 1282 2203 sedis
1355 2137 1645 2214 consili0‚
1692 2142 1760 2201 et
1806 2158 2019 2222 nuper
2062 2137 2344 2221 receptis
2412 2136 2699 2222 propriis
2742 2136 3031 2200 nuntiis-

890 2246 958 2304 et
987 2239 1231 2306 litteris
1276 2238 1520 2303 domini
1557 2260 1745 2323 papae
1791 2258 2057 2302 securus
2101 2237 2315 2303 factus
2361 2244 2477 2314 est,
2524 2238 2699 2323 quod
2746 2258 2823 2301 ea
2852 2257 3001 2322 quae

891 2343 1202 2406 statuerit
1230 2361 1366 2404 non
1397 2338 1836 2403 mutabuntur
1862 2363 1876 2403 2
1922 2338 2445 2423 archiepiscopus
2476 2344 2701 2404 tamen
2731 2344 3002 2424 paratus

893 2448 995 2507 cst
1071 2441 1669 2507 excommunicatos
1741 2440 1889 2503 illos
1958 2440 2301 2504 absolvere
2370 2439 2733 2505 secundum
2808 2440 3001 2503 insti-

894 2545 1218 2607 tutionem
1269 2547 1534 2628 patrum
1569 2547 1670 2607 ‘et
1737 2541 2027 2605 ecclesiae
2098 2540 2399 2617 formam,
2467 2542 2521 2605 si
2569 2541 3003 2627 poenituerint

894 2646 1114 2709 fructu
1179 2643 1520 2728 condigno.
1615 2642 1688 2706 Si
1744 2663 1901 2706 vero
1967 2643 2035 2705 in
2084 2663 2161 2706 ea
2225 2664 2356 2727 qua
2378 2644 2400 2679 ⁵
2447 2648 2791 2727 coeperunt
2853 2662 3005 2707 con-

895 2747 1186 2812 tumacia
1234 2745 1437 2831 (quod
1483 2745 1659 2808 absit
1681 2745 1720 2829 Ι)
1769 2743 2087 2808 duxerint
2133 2745 2632 2829 persistendum,
2678 2746 2816 2830 ipse
2862 2746 3008 2809 vita

897 2849 1136 2915 comite
1197 2846 1512 2935 procedet
1594 2845 1893 2920 ulterius
1973 2866 2093 2912 nec
2154 2851 2311 2911 ante
2372 2851 2649 2932 reponet
2706 2846 3003 2932 gladium

899 2951 1190 3038 Spiritus
1237 2949 1310 3014 in
1373 2950 1702 3035 vaginam,
1779 2969 1979 3035 quam
2063 2953 2240 3012 terra
2302 2954 2622 3034 purgetur
2680 2969 2721 3013 a
2798 2949 3007 3013 tantis

897 3052 1516 3118 abominationibus,
1611 3049 1788 3116 Nam
1858 3050 1929 3114 in
1949 3047 1975 3086 ⁶
2068 3049 2391 3114 infectum
2486 3056 2555 3118 et
2628 3055 3003 3115 concretum

899 3155 1170 3241 pulvere
1231 3154 1474 3238 septies
1535 3172 1762 3217 mucro
1794 3150 1819 3190 ⁷
1849 3151 2293 3242 stringendus
2338 3156 2456 3231 est,
2490 3156 2568 3215 ut
2614 3151 2813 3237 Syria
2858 3173 3009 3216 con-

901 3261 1172 3323 teratur.
1273 3253 1465 3334 Quod
1545 3259 1784 3329 autem,
1867 3258 1945 3316 ut
2018 3253 2229 3328 aiunt,
2318 3252 2725 3338 Reginaldus
2802 3251 3010 3318 archi-

904 3359 1216 3424 diaconus
1255 3357 1542 3442 jactitat,
1590 3355 1767 3441 quod
1832 3355 1905 3417 hi
1970 3355 2193 3418 nuntii
2255 3355 2504 3418 domini
2551 3377 2740 3441 papae
2786 3377 3010 3420 omnes

903 3467 1176 3526 conatus
1240 3465 1308 3524 et
1375 3457 1557 3522 facta
1632 3455 2113 3542 archiepiscopi*
2175 3455 2537 3541 apostolica
2610 3458 3007 3524 auctoritate

904 3561 1338 3634 evacuabunt,
1384 3559 1508 3644 ipsi
1556 3557 1750 3642 plane
1797 3555 2186 3634 diffitentur,
2232 3563 2596 3624 asserentes
2638 3580 2786 3623 cum
2825 3559 3010 3644 jura-

905 3668 1146 3740 mento,
1225 3661 1406 3747 quod
1482 3661 1554 3724 in
1631 3658 2047 3745 dispendium
2130 3659 2601 3746 archiepiscopi
2678 3661 2849 3726 nihil
2924 3683 3009 3726 ex

907 3766 1240 3852 proposito
1286 3762 1548 3839 facient,
1595 3761 1708 3824 sed
1755 3783 1877 3826 nec
1902 3761 2133 3854 ‘facere
2179 3767 2471 3846 possunt,
2504 3763 2619 3826 sed
2648 3763 3011 3828 utilitatem

907 3869 1047 3953 ejus
1094 3873 1162 3932 et
1209 3867 1517 3930 honorem
1587 3863 1891 3941 ecclesiae,
1938 3863 2459 3950 quibuscumque
2528 3866 2739 3930 modis
2784 3887 3011 3932 secun-

907 3970 1066 4036 dum
1133 3967 1349 4032 Deum
1417 3970 1750 4052 poterunt,
1815 3966 2283 4050 procurabunt.
2379 3963 2467 4031 Et
2537 3967 2803 4053 quidem
2880 3968 3012 4033 illis

907 4071 1119 4136 forma
1181 4068 1568 4155 praescripta
1629 4073 1746 4145 est,
1817 4067 2005 4152 cujus
2070 4067 2233 4131 fines
2294 4068 2604 4134 excedere
2649 4089 2784 4134 non
2814 4071 3012 4136 aude-

907 4175 1097 4250 bunt,
1146 4171 1306 4256 quia
1368 4169 1454 4234 ad
1521 4169 1645 4233 hoc
1700 4169 2083 4252 juramento
2146 4169 2385 4234 arctati
2433 4175 2609 4251 sunt,
2656 4171 2820 4236 adeo
2867 4175 3011 4259 qui-

911 4275 1062 4340 dem
1123 4278 1203 4337 ut
1256 4273 1429 4358 jussi
1506 4271 1663 4349 sint,
1729 4271 1861 4334 nisi
1925 4291 2086 4357 pace
2154 4271 2458 4347 formata,
2526 4271 2600 4336 in
2664 4275 2927 4339 tantum
2972 4297 3015 4340 a

911 4377 1086 4463 regis
1161 4374 1550 4442 muneribus
1638 4375 2021 4452 abstinere,·
2059 4380 2139 4440 ut
2204 4395 2325 4442 nec
2392 4381 2702 4461 sumptus
2770 4378 2855 4441 ab
2938 4400 3013 4444 eo

920 4515 1922 4528 ..-...-..-———--——--—-—-———-——-
1937 4516 2094 4522 —..—.-

979 4595 992 4627 ¹
1031 4593 1275 4657 quoniam,
1301 4591 1340 4640 Z
1364 4613 1377 4650 ;
1413 4591 1627 4656 quando,
1651 4592 1708 4640 L.
2077 4591 2097 4622 ⁵
2134 4605 2249 4653 qua,
2272 4590 2343 4648 z,
2378 4607 2544 4654 quam,
2568 4591 2628 4640 L.

975 4674 997 4706 ²
1031 4671 1184 4730 modo,
1207 4671 1281 4730 23
1315 4683 1412 4721 om.
1439 4669 1496 4720 L.
2078 4667 2099 4697 ⁶
2132 4669 2201 4727 in,
2226 4681 2325 4718 om.
2352 4669 2409 4718 Z.

977 4751 998 4782 ³
1031 4750 1232 4810 elamat,
1259 4748 1322 4808 Ο,
1345 4750 1425 4807 V;
1461 4748 1692 4808 clamant,
1722 4745 1785 4798 L.
2076 4747 2096 4784 '¹'
2134 4761 2315 4808 mucro,
2341 4747 2403 4807 Ο,
2433 4748 2471 4797 Ζ
2496 4767 2509 4807 3
2546 4749 2595 4796 t'n
2623 4755 2747 4806 utre,
2772 4749 2832 4800 L.

978 4830 998 4862 ⁴
1033 4843 1206 4892 reyem,
1227 4843 1326 4878 om.
1353 4826 1422 4876 V.
