3634 5800
847 857 976 919 196
1753 871 2118 922 ems-roms.
2442 855 2605 940 [an.
2638 855 2973 926 1169-70.

847 1052 1153 1120 inimicus
1177 1052 1198 1091 ¹
1270 1053 1466 1119 bomo
1543 1054 1953 1139 impedisset,
2018 1076 2140 1141 per
2204 1054 2429 1119 omnia
2502 1053 2965 1120 ‘satisfacturus

847 1177 916 1218 se
962 1154 1172 1240 ipsius
1237 1154 1519 1241 pedibus
1564 1155 1911 1221 humiliter
1954 1155 2381 1221 advolvisset.
2474 1153 2719 1222 Adhuc
2764 1156 2969 1222 etiam

847 1257 1312 1323 correctionem
1387 1262 1456 1322 et
1523 1256 2022 1322 conversionem
2094 1256 2306 1343 ipsius
2370 1259 2688 1342 exspecto
2748 1257 2967 1342 quoti—

841 1359 974 1436 die,
1021 1364 1089 1424 et
1134 1359 1220 1424 ad
1265 1359 1388 1425 hoc
1449 1379 1718 1445 operam
1780 1358 2067 1424 adhibeo
2131 1358 2535 1444 diligentem.
2630 1357 2761 1424 Sed
2806 1364 2966 1424 sunt

847 1460 1055 1546 aliqui
1100 1481 1249 1526 cum
1297 1481 1374 1526 eo
1436 1461 1553 1546 qui
1599 1459 1934 1526 seminant
2000 1459 2272 1536 zizania,
2317 1466 2387 1525 et
2432 1459 2717 1525 fimiter
2759 1461 2967 1526 inter-

848 1561 1082 1627 dicunt
1146 1582 1230 1626 ne
1300 1560 1566 1625 domino
1631 1566 1853 1626 vestro
1921 1559 2401 1640 reconcilietur,
2467 1562 2527 1625 si
2588 1561 2799 1648 patris
2842 1562 2964 1638 sui,

849 1686 1044 1748 quem
1091 1685 1288 1750 super
1331 1664 1555 1730 omnia
1601 1663 1841 1750 diligit,
1868 1684 1948 1730 ac
1990 1663 2201 1729 totius
2232 1665 2338 1729 sui
2388 1665 2649 1752 generis
2680 1665 2963 1731 salutem

847 1769 917 1830 et
962 1765 1252 1849 quietem
1316 1764 1662 1829 desiderat.
1755 1763 1956 1829 Scitis
2004 1764 2328 1850 equidem,
2378 1766 2536 1850 quia
2583 1765 2779 1831 bomo
2839 1765 2962 1831 cir-

848 1871 1260 1952 cumspectus
1305 1871 1406 1931 est
1451 1871 1521 1931 et
1563 1866 1953 1943 industrius,
2002 1866 2321 1953 vobisque
2366 1889 2441 1933 ac
2503 1867 2773 1933 domino
2818 1889 2964 1933 ves-

848 1974 953 2034 tro
1020 1968 1582 2035 fructuosissimus
1651 1989 1790 2034 esse
1835 1973 2075 2054 potest,
2122 1969 2180 2032 si
2244 1975 2457 2034 staret
2502 1969 2861 2048 vobiscum,
2908 1969 2965 2035 si

848 2071 920 2134 in
988 2092 1056 2134 se
1121 2075 1381 2156 partem
1455 2075 1702 2136 vestrae
1779 2071 2257 2156 persecutionis
2334 2072 2685 2158 exciperet.
2815 2071 2965 2139 Scio

851 2171 1052 2237 etiam
1099 2172 1276 2257 quod
1321 2171 1409 2240 ad
1454 2171 1578 2239 hoc
1623 2192 1777 2238 eum
1847 2171 2243 2238 tenuissima
2288 2173 2668 2239 exhortatio
2713 2173 2965 2239 domini

851 2273 1348 2340 Cantuariensis
1378 2272 1729 2340 efficaciter
1759 2273 2125 2340 inclinaret.
2201 2272 2377 2338 Date
2408 2295 2691 2359 operam,
2725 2297 2965 2360 quaese,

851 2381 928 2440 ut
972 2375 1058 2440 ad
1104 2396 1255 2440 eum
1301 2396 1344 2440 a
1388 2374 1655 2440 domino
1702 2380 1929 2440 vestro
1974 2397 2173 2462 super
2217 2375 2343 2441 hoc
2386 2375 2631 2442 litterae
2677 2376 2967 2463 dirigan-

850 2483 974 2542 tur.
1101 2477 1298 2558 Quod
1364 2477 1423 2542 si
1485 2498 1620 2542 non
1684 2477 1913 2542 facitis
1975 2483 2216 2542 vestrae
2292 2476 2617 2542 utilitatis
2692 2479 2967 2556 intuitu,

847 2579 1111 2644 faciatis
1157 2579 1280 2646 hoc
1325 2578 1560 2644 saltem
1605 2599 1745 2644 suae
1791 2578 2239 2645 conversionis
2271 2584 2340 2644 et
2384 2579 2621 2645 salutis
2666 2580 2966 2646 obtentu.

851 2682 1046 2748 Certe
1094 2681 1374 2768 MoyseS,
1421 2686 1502 2746 ut
1548 2680 1790 2747 Hobab
1809 2677 1839 2716 ⁹
1882 2680 1970 2745 ab
2038 2701 2252 2746 errore
2316 2681 2717 2768 gentilitatis
2778 2703 2966 2750 aver·

849 2787 1038 2858 teret,
1069 2782 1299 2848 volens
1343 2783 1563 2869 ipsum
1609 2786 1931 2867 tanquam
1976 2782 2412 2847 necessarium
2459 2783 2763 2861 retinere,
2794 2783 2967 2850 dice-

511 2887 665 2940 Num.
689 2905 742 2939 x.
850 2884 1004 2952 bat:
1059 2892 1095 2920 “
1118 2883 1602 2951 Proficiscimur
1647 2883 1732 2949 ad
1777 2882 1995 2950 locum
2058 2905 2254 2969 quem
2302 2884 2627 2951 Dominus
2692 2886 2973 2953 daturus

515 2960 598 3015 η’
623 2959 682 3006 ⁸¹
851 2995 886 3021 ‘¹
934 2993 1036 3052 est
1079 2988 1310 3065 nobis3
1372 2987 1529 3051 veni
1585 2985 1931 3053 nobiscum
1977 2991 2048 3052 et
2090 2986 2575 3053 benefaciemus
2623 2988 2766 3065 tibi,
2812 2990 2970 3075 quia

854 3098 886 3123 “
933 3090 1259 3155 Dominus
1308 3090 1487 3154 bona
1533 3089 1844 3175 promisit
1888 3088 2137 3167 Israeli,
2185 3090 2321 3155 noli
2369 3111 2490 3155 nos
2557 3091 2966 3177 relinquere3

852 3201 886 3225 “
932 3197 1010 3256 tu
1071 3192 1250 3257 enim
1313 3192 1491 3257 nosti
1538 3193 1610 3257 in
1674 3190 1917 3277 quibus
1964 3190 2123 3257 locis
2168 3198 2384 3257 castra
2444 3213 2687 3278 ponere
2734 3193 2969 3259 debea-

851 3306 888 3329 “
939 3315 1103 3370 mus,
1150 3298 1221 3358 et
1282 3293 1412 3358 eris
1480 3294 1718 3359 ductor
1785 3292 2063 3357 noster.”
2178 3293 2253 3358 Si
2318 3294 2583 3377 Moyses
2632 3293 2966 3359 Gentilem

852 3395 1233 3483 postulabat
1315 3395 1442 3460 sibi
1521 3395 1664 3459 fieri
1751 3394 1999 3471 ducem,
2080 3416 2214 3459 non
2290 3396 2649 3471 erubescat,
2726 3418 2969 3482 quaeSO,

855 3499 1084 3583 Moyse
1129 3499 1344 3563 minor
1388 3496 1922 3563 archidiaconum
1968 3497 2097 3561 sibi
2158 3496 2519 3583 adjungere
2568 3497 2867 3563 dolorum
2900 3504 2969 3563 et

852 3601 1152 3665 laborum
1199 3600 1604 3687 participem.
1698 3598 2219 3664 Archidiaconus
2266 3599 2441 3663 enim
2488 3599 2613 3665 hoc
2643 3600 2967 3686 praecipue

854 3702 1200 3779 desiderat,
1245 3707 1324 3765 ut
1388 3721 1507 3786 pro
1577 3722 1653 3765 eo
1700 3706 1769 3766 et
1833 3722 1982 3765 cum
2054 3721 2129 3765 eo
2201 3700 2487 3766 laborem
2550 3706 2620 3766 et
2680 3702 2967 3767 dolorem

853 3805 1170 3871 inveniat.
1263 3804 1497 3889 Nuper
1542 3803 1919 3889 legebamus
1950 3802 2023 3867 in
2068 3803 2237 3867 libro
2284 3804 2557 3889 Regum,
2588 3810 2659 3869 et
2688 3805 2971 3872 occurrit

855 3908 1044 3972 nobis
1090 3907 1368 3971 verbum
1415 3904 1586 3969 illud
1631 3903 1835 3969 Ethai
1908 3903 2185 3969 Gethaei
2206 3902 2231 3945 ⁷
2297 3906 2381 3969 ad
2429 3903 2653 3971 David
2714 3906 2967 3993 egredi·
3068 3968 3079 3975 .

855 4018 1074 4074 entem
1121 4007 1320 4072 nudis
1365 4006 1644 4093 pedibus
1694 4005 1775 4069 de
1824 4005 2189 4070 Jerusalem
2239 4028 2280 4069 a
2323 4006 2491 4071 facie
2538 4007 2849 4084 Absalon,
2898 4014 2968 4073 et

858 4111 1185 4177 dicentem
1273 4108 1450 4195 quod
1541 4108 1653 4172 ille
1728 4113 2213 4187 reverteretur3
2292 4108 2533 4193 illeque
2610 4110 2966 4195 respondit,

521 4222 644 4342 gia.
667 4224 738 4272 11.
863 4222 892 4246 “
924 4212 1116 4277 Vivit
1169 4211 1494 4277 Dominus
1561 4211 1720 4295 quia
1763 4231 1899 4275 non
1964 4209 2416 4295 derelinquam
2480 4214 2568 4288 te,
2616 4232 2825 4297 neque
2896 4214 2969 4275 in

567 4305 666 4340 am,
691 4304 778 4337 XV.

529 4360 611 4416 19,
632 4360 713 4405 21·
864 4324 895 4350 “
943 4315 1086 4379 vita
1131 4335 1344 4401 neque
1389 4314 1462 4377 in
1493 4311 1758 4377 morte.’'
1852 4311 2205 4397 Suspirans
2250 4333 2404 4399 ergo
2452 4313 2969 4393 archidiaconus,

526 4436 608 4553 ξιξ.
631 4433 740 4483 xix.
861 4428 896 4452 “
944 4418 1055 4484 Sic
1115 4416 1317 4483 faciat
1361 4414 1582 4491 mihi‚”
1650 4414 1890 4498 inquit,
1960 4420 1997 4447 “
2019 4413 2400 4490 Dominus?
2448 4420 2518 4479 et
2560 4414 2705 4503 [boc
2765 4412 2970 4480 addat

931 4697 943 4729 ¹
984 4696 1226 4754 inimicus,
1253 4692 1312 4742 M
1327 4712 1341 4751 3
1379 4691 1576 4749 unicus,
1598 4688 1715 4740 MS.
2034 4687 2056 4719 ³
2082 4685 2255 4750 Ethey
2278 4684 2491 4751 Gethey,
2514 4687 2652 4747 MS„
2676 4686 2757 4737 for
2778 4686 2970 4753 Etheij.

930 4776 951 4809 2
987 4772 1178 4833 Jobab‚
1201 4771 1314 4825 MS.
1973 4763 2174 4827 Gellia-‘7'
2190 4770 2214 4813 ἰ
