3634 5800
654 846 787 903 an.
823 832 1045 931 1169]
1524 844 1888 899 nme-rom.
2636 834 2765 901 153

1608 1137 1828 1207 DOII.

654 1275 947 1345 Tuom
978 1274 2171 1451 omasumusisvnomsmscorus
2215 1292 2314 1347 sn
2359 1292 2770 1347 memma

1589 1397 1919 1453 mmmm

926 1534 1026 1600 (A.
1047 1536 1144 1596 853
1180 1534 1245 1587 Ο.
1270 1532 1323 1587 ii.
1348 1538 1449 1595 293
1486 1534 1545 1587 Z.
1568 1531 1641 1585 iii.
1670 1539 1766 1596 103
1800 1534 1936 1601 Lup.
1957 1533 2028 1587 iii.
2057 1538 2120 1586 10
2136 1556 2152 1598 ς
2189 1534 2370 1587 stom.
2395 1536 2538 1598 178.)

743 1665 1049 1743 Thomas,
1093 1664 1222 1731 Dei
1264 1666 1487 1753 gratia
1548 1664 2050 1733 cantuariensis
2117 1666 2402 1735 ecelesiae
2469 1666 2771 1733 minister

658 1768 929 1834 humilis
992 1772 1061 1835 et
1103 1766 1485 1854 apostolicae
1531 1767 1707 1835 sedis
1750 1767 2027 1855 legatus,
2074 1769 2394 1856 magistro
2440 1766 2772 1846 Vivian0,¹

658 1874 841 1941 fideli
870 1895 991 1941 suo
1019 1879 1089 1940 et
1132 1877 1383 1943 sanctae
1427 1874 1743 1941 Romanae
1788 1874 2075 1942 eeclesiae
2102 1874 2442 1955 advocat0‚
2475 1874 2772 1953 salutem,

660 1984 731 2043 et
772 1996 891 2063 per
935 1975 1161 2044 omnia
1204 1980 1383 2045 recte
1429 1996 1659 2063 sapere
1678 1974 1704 2016 ²
1748 1983 1820 2044 et
1863 1977 2252 2065 intelligere.

750 2078 1008 2145 Habita
1051 2078 1312 2145 ratione
1374 2077 1733 2167 legationis
1802 2078 1933 2144 tibi
1977 2080 2362 2160 commissae,
2408 2084 2478 2147 et
2519 2079 2774 2167 negotii
2795 2070 3093 2190 &unzter-to

664 2180 917 2259 crediti,
966 2179 1231 2245 utinam
1250 2176 1279 2218 ³
1342 2201 1428 2245 ex
1492 2200 1758 2249 accessu
1821 2185 1942 2247 tuo
2006 2182 2096 2247 ad
2166 2182 2508 2249 dominum
2552 2203 2772 2269 regem
2793 2152 3013 2271 goingoe

664 2282 931 2369 Angliae
976 2282 1147 2347 nihil
1194 2282 1558 2369 deperisset
1603 2283 1687 2350 de
1730 2282 2114 2351 substantia
2156 2285 2426 2373 negotii,
2471 2286 2545 2351 in
2587 2270 2960 2352 nu110¹0²⁹⁸¹2

664 2385 1055 2471 derogatum
1102 2382 1345 2451 fuisset
1386 2384 1778 2451 auctoritati
1823 2389 1892 2453 te
1938 2386 2290 2466 mittentis,
2335 2388 2507 2453 nihil
2553 2390 2776 2455 atten-

662 2491 903 2564 tatum,
926 2486 1199 2564 dictum,
1232 2490 1353 2553 aut
1396 2490 1623 2555 actum
1654 2486 1944 2555 eeclesiae
1967 2486 1996 2527 ⁴
2039 2488 2386 2577 dispendio
2417 2495 2486 2556 et
2529 2496 2773 2559 nostro·

666 2588 1013 2671 Quatenus
1044 2589 1223 2654 enim
1254 2588 1328 2653 in
1371 2587 1497 2655 hoc
1541 2588 1719 2656 facto
1763 2593 1988 2676 partes
2033 2612 2104 2658 se
2149 2592 2576 2658 extenderint
2621 2597 2775 2671 tuae‚

666 2712 815 2757 eum
860 2689 1063 2757 semel
1105 2690 1376 2757 functus
1444 2691 1535 2756 sis
1580 2690 1793 2759 officio
1838 2692 1968 2757 tibi
2013 2694 2374 2773 commisse,
2420 2694 2563 2761 sive
2607 2694 2776 2760 bene

666 2793 807 2857 sive
852 2792 1041 2871 male,
1073 2790 1437 2879 praestituti
1482 2793 1801 2879 temporis
1847 2794 2204 2881 praefinitio
2249 2794 2336 2861 ad
2379 2795 2778 2883 legationem

668 2894 1061 2982 explendam
1128 2898 1214 2974 te,
1280 2895 1598 2962 scientem
1653 2894 1813 2981 jura
1875 2896 2243 2983 professum
2291 2898 2568 2986 legibus,
2613 2901 2777 2966 satis

665 3019 785 3086 per
848 2997 1070 3064 omnia
1128 3001 1401 3064 cautum
1467 2996 1741 3064 reddere
1804 2998 2144 3068 debuerat.
2236 3000 2410 3068 Vide
2478 3023 2634 3090 ergo
2695 3007 2778 3068 ut

667 3099 1029 3187 prudenter
1071 3100 1289 3185 sapias
1335 3105 1406 3167 et
1449 3099 1813 3187 prudenter
1840 3101 2124 3181 incedas,
2171 3121 2256 3168 ne
2299 3103 2423 3190 fias
2468 3103 2544 3168 in
2585 3103 2776 3170 fabu-

668 3204 802 3270 lam
848 3207 919 3269 et
956 3202 1413 3292 ‘magnatibus
1458 3203 1533 3268 in
1577 3203 1884 3272 derisum.
1975 3203 2225 3270 Verum
2277 3205 2337 3272 si
2380 3207 2778 3273 auctoritate

669 3305 939 3395 propria
996 3325 1246 3371 novum
1279 3304 1555 3371 sortitus
1600 3327 1669 3371 es
1698 3327 1777 3373 ac
1821 3327 2047 3374 recens
2076 3307 2426 3396 legationis
2471 3308 2776 3388 officium,

668 3414 900 3496 pareat
921 3408 949 3448 ⁶
989 3407 1181 3494 cujus
1227 3408 1523 3488 interest,
1568 3412 1639 3475 et
1681 3408 1838 3476 inde
1881 3409 2210 3478 sustineat
2255 3432 2422 3478 onus
2465 3412 2553 3479 ad
2581 3433 2780 3499 quem

668 3511 997 3598 spectabit
1040 3510 1603 3589 emolumentum3
1678 3533 1785 3577 me
1855 3516 2083 3579 autem
2149 3513 2222 3578 in
2289 3514 2478 3581 nullo
2524 3514 2781 3602 obligat

663 3611 1057 3700 jurisdictio.
1148 3611 1240 3676 Et
1286 3610 1556 3696 quidem
1602 3611 1781 3698 quod
1829 3612 1994 3680 dicis
2027 3617 2093 3679 te
2123 3613 2366 3680 habere
2412 3615 2663 3682 socium
2707 3617 2782 3682 in

670 3714 895 3780 labore
962 3711 1398 3780 camerarium
1466 3713 1711 3778 summi
1778 3717 1849 3780 et
1910 3716 2160 3801 magni.
2184 3717 2556 3796 cardinalis,
2600 3739 2782 3806 pres-

671 3815 982 3901 byterum
1025 3812 1260 3899 loquor
1324 3818 1661 3900 gerentem
1730 3815 1984 3880 domini
2051 3818 2156 3882 sui
2223 3839 2586 3904 personam,
2647 3841 2784 3886 non

672 3919 893 3984 minus
936 3915 1229 3982 admiror
1292 3918 1615 3982 consortis
1676 3917 1875 3984 istius
1938 3923 2535 4008 praesumptionem,
2581 3945 2781 4010 quam

673 4039 967 4107 personae
1012 4016 1399 4104 principalis
1444 4019 1517 4084 in
1561 4018 1687 4085 hac
1731 4025 1921 4106 parte
1965 4021 2496 4090 sollicitudinem.
2590 4025 2680 4090 Et
2723 4025 2784 4090 si

673 4120 777 4208 cuj
788 4141 863 4185 us
906 4117 979 4184 id
1023 4122 1249 4184 aetum
1316 4124 1420 4184 est
1480 4120 1792 4206 periculo,
1838 4143 2066 4189 euram
2111 4145 2302 4192 suam
2344 4125 2592 4193 habeat
2621 4149 2784 4214 quo-

675 4223 870 4289 modo
913 4219 1176 4289 cautius
1222 4221 1429 4306 possit
1484 4221 1627 4307 ejus
1680 4225 2222 4311 praesumptionis
2265 4227 2480 4294 vitare
2525 4230 2784 4316 perieu-

676 4325 832 4390 lum.
926 4321 1105 4390 Satis
1150 4321 1347 4390 eredo
1393 4321 1649 4390 dictum
1716 4345 1856 4391 esse
1903 4326 2209 4414 sapienti.
2305 4327 2571 4398 Gratias
2593 4329 2620 4370 ⁶
2663 4329 2781 4399 ha-

746 4519 763 4555 *
809 4519 1062 4584 Wim'ano,
1086 4521 1155 4572 A.
1841 4523 1862 4556 ⁴
1894 4522 2135 4585 eceleoioe,
2158 4524 2236 4586 03
2273 4541 2375 4579 om.
2397 4527 2470 4589 V,
2494 4527 2554 4582 Ia.

741 4601 765 4634 ²
798 4616 920 4651 mne
957 4599 1064 4664 (for
1096 4615 1275 4667 sapere
1308 4601 1401 4662 et),
1426 4599 1511 4661 A3
1544 4615 1683 4662 eane,
1843 4601 1866 4634 ⁵
1893 4606 2091 4668 pateas,
2114 4601 2179 4654 Ο.

678 4681 721 4732 Ζ
1837 4679 1860 4714 ⁸
1898 4678 2136 4732 Gratiam
2159 4689 2339 4748 tanen,
2363 4683 2426 4740 Ο.

688 4717 767 4792 ··⁸
799 4753 1293 4824 utinam,A‚0,Z;
1328 4755 1517 4814 om0L.
