3634 5800
529 4318 743 4371 Thanna

531 4385 614 4436 for
636 4387 785 4436 abso-

532 4451 710 4502 lution.

868 912 997 973 502
1748 923 2108 972 EPISToLAE.
2585 908 2746 991 [Am.
2787 903 2980 976 1171.

866 1111 1239 1195 derogetur.
1336 1110 1661 1190 Quotiens
1706 1110 1888 1175 enim
1941 1108 2180 1175 talium
2243 1110 2713 1193 tantarumque
2757 1128 2982 1173 rerum

865 1214 1115 1277 veritas
1184 1218 1288 1277 est
1345 1210 1737 1289 asserenda}
1782 1212 1840 1276 si
1905 1233 2040 1277 non
2108 1211 2490 1297 diligentior
2551 1232 2768 1277 causae
2831 1232 2980 1298 cog-

868 1314 1039 1379 nitio
1059 1312 1085 1351 ²
1130 1318 1483 1390 succurrat,
1530 1314 1998 1399 periclitantur
2061 1313 2338 1399 praemia
2397 1313 2864 1399 cognoscentia,
2911 1318 2982 1378 et

870 1418 1197 1502 opinionis
1242 1416 1433 1483 facile
1478 1415 1728 1501 poterit
1774 1418 2110 1482 incurrere
2158 1415 2575 1482 detrimenta.

962 1693 1128 1759 Haec
1172 1682 1332 1757 sunt
1376 1690 1673 1777 capitula
1716 1690 2134 1778 purgationis
2181 1712 2383 1777 quam
2437 1691 2756 1778 praestitit
2804 1692 2977 1759 Ebo-

870 1794 1155 1862 racensis
1221 1799 1462 1880 quarta
1522 1814 1727 1859 manu
1792 1794 2192 1879 juratorum,
2259 1814 2540 1880 quorum
2609 1816 2784 1860 unus
2845 1796 2980 1861 fuit

871 1898 1185 1985 magister
1228 1896 1562 1961 vacarius,

1335 2056 1422 2119 (Z.
1443 2054 1531 2105 fol.
1556 2060 1655 2105 249
1676 2074 1691 2114 ς
1724 2055 1794 2105 V.
1821 2057 1880 2105 Τ.
1906 2055 1970 2107 C.
1991 2057 2072 2106 ed.
2100 2056 2256 2117 (isses,
2279 2056 2330 2107 ii.
2353 2060 2501 2120 268.)

964 2187 1157 2267 Quod
1200 2187 1342 2271 ipse
1388 2185 1900 2251 consuetudines
1946 2186 2183 2265 avitas,
2229 2210 2430 2274 super
2474 2188 2715 2273 quibus
2761 2196 2980 2256 verte-

871 2288 1073 2355 batur
1118 2286 1564 2353 controversia
1608 2286 1785 2351 inter
1838 2309 2060 2373 regem
2106 2292 2177 2353 et
2222 2288 2563 2353 dominum
2625 2288 2980 2357 Cantuari-

874 2413 1113 2470 ensem,
1158 2411 1281 2457 nec
1324 2389 1571 2475 scripto
1616 2410 1739 2455 nec
1772 2389 2156 2474 juramento
2201 2390 2598 2457 firmaverat.

967 2493 1160 2574 Quod
1206 2493 1347 2579 ipse
1409 2512 1532 2557 nec
1582 2511 1778 2575 opere
1825 2501 1946 2557 n'ec
2009 2513 2322 2570 sermone,
2371 2514 2492 2558 nec
2557 2514 2678 2579 per
2721 2516 2789 2559 se
2856 2516 2982 2562 nec

872 2620 990 2683 per
1034 2594 1496 2682 interpositam
1534 2613 1902 2678 personam,
1933 2594 2217 2659 scienter
2260 2594 2515 2681 aliquid
2559 2596 2979 2663 machinatus

870 2706 988 2778 est,
1021 2699 1198 2785 quod
1244 2697 1587 2763 dominum
1635 2694 2180 2763 cantuariensem
2226 2698 2299 2763 in
2343 2704 2622 2764 mortem
2669 2700 2980 2769 traheret.

963 2801 1157 2882 Quod
1200 2800 1461 2865 litteras
1524 2798 1775 2863 domini
1843 2819 2051 2885 papae,
2097 2800 2170 2863 in
2235 2799 2551 2888 Angliam
2597 2802 2977 2882 destinatas,

871 2905 954 2970 de
998 2903 1399 2969 inhibitione
1458 2901 1906 2968 coronationis
1949 2899 2074 2965 filii
2137 2903 2313 2989 regis
2357 2924 2479 2969 nec
2539 2904 2792 2990 recepit
2854 2926 2979 2972 nec

869 3007 1061 3084 vidit,
1106 3026 1231 3071 nec
1272 3003 1526 3090 aliquid
1570 3002 1717 3068 fieri
1776 3001 1944 3069 fecit
1989 3005 2347 3090 quominus
2393 3026 2503 3072 eas
2567 3005 2828 3072 videret
2869 3007 2982 3073 vel

868 3110 1203 3195 reciperet.

960 3211 1157 3292 Quod
1202 3211 1342 3296 ipse
1404 3211 1477 3273 in
1538 3208 1964 3276 coronatione
2009 3207 2131 3274 filii
2193 3209 2369 3296 regis
2437 3210 2739 3276 debitum
2791 3211 2982 3297 jura-

869 3319 1171 3379 mentum
1232 3311 1481 3398 recepit
1544 3310 1824 3398 integre,
1869 3331 1992 3376 nec
2057 3311 2314 3396 aliquid
2377 3312 2604 3378 omisit
2670 3314 2849 3399 quod
2908 3314 2984 3378 in

870 3415 1291 3483 coronatione
1335 3413 1509 3500 regis
1556 3412 1820 3499 Angliae
1863 3412 2162 3498 praestari
2207 3412 2390 3479 solet.

1734 3779 2111 3846 DCCLXV.

969 3933 1417 3999 Atnxmnno
1462 3949 1660 4000 PAPAE
1706 3933 2071 4000 Roenssms
2118 3934 2596 4000 EnonAcmsm
2639 3948 2888 4000 Anem-

1746 4053 2130 4103 anscerus,

1242 4189 1333 4252 (Ο.
1356 4186 1425 4239 111.
1451 4191 1479 4240 7
1504 4208 1519 4250 3
1554 4188 1615 4239 Z.
1636 4205 1685 4239 v,
1710 4194 1807 4250 923
1841 4189 1977 4256 Lup.
1999 4205 2048 4240 v.
2073 4191 2166 4249 873
2205 4189 2268 4242 G.
2293 4189 2405 4240 Fol.
2429 4189 2576 4252 424.)

962 4319 1039 4386 Si
1084 4318 1253 4384 mihi
1296 4323 1541 4405 praesto
1586 4321 1759 4385 esset
1801 4317 2114 4386 facundia
2159 4339 2308 4404 quae
2353 4317 2736 4384 Tullianum
2787 4317 2978 4384 redo-

870 4422 1038 4488 leret
1105 4422 1461 4508 eloquium,
1527 4443 1948 4508 nequaquam
2011 4427 2251 4508 posset,
2321 4421 2696 4487 dulcissime
2761 4419 2981 4498 Pater,

872 4524 1163 4592 sufficere
1208 4525 1295 4591 ad
1348 4524 1849 4610 exprimendam
1911 4523 2216 4591 beneficii
2263 4523 2710 4609 quantitatem
2755 4539 2978 4609 quam,

948 4782 965 4814 ¹
1001 4795 1294 4841 asserenda,
1316 4789 1402 4830 trs.
1430 4789 1482 4830 to
1514 4780 1640 4831 after
1665 4779 1877 4845 diligen·
2037 4779 2060 4812 2
2092 4781 2330 4844 coquitio,
2353 4781 2394 4830 Z
2410 4800 2425 4841 ς
2457 4777 2658 4830 cautela
2698 4776 2777 4828 vel
2813 4777 2976 4842 inqui-

866 4863 986 4922 tior,
1011 4861 1072 4910 L.
1969 4859 2103 4919 sitio,
2127 4860 2188 4909 L.
