3634 5800
690 856 821 919 μ).
859 836 1081 923 1170]
1562 852 1920 901 EPISTOLAE.
2664 836 2790 903 391

692 1049 1050 1134 respondit,
1096 1052 1166 1113 et
1210 1047 1421 1113 multo
1489 1044 1754 1111 vultum
1821 1045 2203 1111 alacriorem
2265 1046 2456 1112 nobis
2502 1046 2794 1111 ostendit

692 1152 761 1215 in
827 1153 959 1228 via,
1029 1172 1227 1236 quam
1280 1172 1500 1215 eoram
1558 1148 1845 1234 justitiis
1929 1148 2064 1213 suis
2129 1150 2311 1233 prius
2377 1149 2768 1213 ostenderat.

694 1254 1070 1319 Consulunt
1112 1258 1340 1319 autem
1416 1274 1537 1317 vos
1580 1262 1832 1317 secreto
1894 1274 2012 1337 per
2079 1273 2198 1315 nos
2266 1252 2462 1317 amici
2540 1251 2744 1315 vestri
2771 1248 2794 1287 ¹

692 1356 908 1435 multi,
954 1356 1129 1443 quod
1174 1356 1348 1421 eirea
1415 1354 1757 1419 dominum
1825 1376 2044 1439 regem
2115 1375 2364 1418 moram
2411 1352 2690 1427 faeiatiS,
2737 1352 2795 1416 si

692 1480 954 1545 quoquo
1000 1458 1195 1522 modo
1241 1456 1384 1522 fieri
1437 1462 1673 1543 potest,
1724 1456 1930 1521 donee
1973 1454 2236 1541 plenius
2297 1454 2583 1540 gratiam
2649 1453 2792 1539 ejus

690 1568 761 1625 et
806 1562 1047 1627 bonam
1080 1559 1494 1625 voluntatem
1542 1558 1819 1645 adipisci
1866 1557 2266 1622 mereamini.
2360 1556 2524 1621 Fere
2555 1562 2794 1621 tamen

690 1683 917 1727 omnes
966 1685 1113 1728 eum
1165 1662 1406 1747 quibus
1452 1660 1657 1730 locuti
1704 1683 1947 1736 sumne,
1982 1660 2080 1724 ita
2127 1679 2471 1744 personam
2505 1664 2794 1723 vestram

692 1764 1005 1851 diligunt,
1054 1770 1121 1829 et
1165 1786 1495 1829 accessum
1564 1770 1635 1830 et
1697 1763 2116 1851 praesentiam
2165 1767 2454 1828 vestram
2501 1761 2599 1826 ita
2643 1782 2795 1826 eon-

690 1867 1055 1952 cupiscenti
1102 1867 1324 1932 animo
1371 1866 1765 1943 desiderant,
1835 1866 2007 1949 quod
2075 1887 2193 1929 vos
2241 1865 2360 1929 vix
2405 1864 2797 1942 crederetis;

694 1969 808 2033 sed
854 1969 1057 2034 timor
1100 1970 1275 2054 ipsos
1341 1966 1755 2032 dissimulare
1820 1967 2013 2053 cogit,
2059 1967 2246 2051 quasi
2313 1988 2448 2031 non
2492 1965 2792 2053 diligant.

696 2070 998 2147 Domine,
1044 2071 1441 2147 audivimus,
1489 2077 1559 2134 et
1620 2092 1662 2135 a
1726 2069 2014 2154 quodam
2085 2068 2400 2133 familiari
2455 2069 2792 2154 quondam
2824 2076 2954 2154 Plan
2975 2077 3056 2127 for

696 2177 919 2237 vestro
962 2194 1081 2257 pro
1130 2178 1304 2237 certo
1372 2171 1746 2247 didicimu8‚
1793 2171 2036 2236 seimus
2103 2170 2306 2235 etiam
2352 2170 2510 2255 quia
2555 2193 2793 2236 verum
2825 2144 3096 2261 ῗὲῗξοζζ

699 2278 841 2338 est:
897 2274 1202 2339 dominus
1249 2296 1365 2337 rex
1412 2271 1696 2359 Angliae,
1743 2295 1863 2359 per
1909 2272 2278 2337 Walterum
2328 2272 2410 2336 de
2443 2272 2674 2337 Insula
2717 2277 2787 2337 et

698 2397 815 2461 per
859 2375 1089 2440 brevia
1118 2397 1238 2440 sua
1281 2397 1400 2461 per
1444 2375 1723 2440 eundem
1770 2375 1842 2437 in
1888 2373 2188 2460 partibus
2239 2374 2368 2438 illis
2399 2374 2797 2450 transmissa,

699 2476 1083 2541 submonuit
1130 2478 1483 2562 Rogerium
1532 2476 2030 2541 Ebot-acensem»
2053 2476 2306 2541 dictum
2370 2475 2799 2561 arehiepisco-

701 2600 880 2664 pum,
926 2578 1297 2644 Gilbertum
1347 2578 1892 2653 Londoniensem,
1923 2577 1968 2642 J
1970 2577 2299 2643 ooelinum
2347 2578 2801 2643 Saresberien-

700 2702 836 2744 sem
885 2680 1233 2766 episcopm,
1280 2688 1350 2745 et
1413 2680 1493 2744 de
1558 2679 1866 2744 omnibus
1913 2679 2200 2743 eeclesiis
2246 2701 2395 2764 quae
2444 2683 2686 2744 vacant
2731 2678 2802 2741 in

702 2781 950 2868 Anglia
994 2788 1279 2866 quatuor
1325 2780 1430 2844 vel
1483 2802 1599 2845 sex
1646 2800 1972 2865 personae,
2019 2780 2297 2857 clericos,
2345 2788 2424 2845 ut
2468 2780 2804 2867 episcopos

701 2907 851 2950 suos
918 2884 1275 2950 seeundum
1344 2884 1487 2970 ejus
1551 2882 1964 2948 voluntatem
2033 2888 2103 2948 et
2162 2883 2626 2969 praedietomm
2673 2884 2808 2971 epi-

704 3009 1049 3073 scoporum
1096 2986 1371 3051 consilia
1414 2986 1685 3070 eligant,
1730 2991 1799 3050 et
1845 2986 2110 3050 eosdem
2155 2989 2515 3052 seeundum
2566 2987 2802 3052 volun-

705 3095 911 3155 tatem
957 3111 1145 3155 suam
1192 3095 1261 3154 et
1304 3089 1581 3152 istorum
1647 3086 2000 3153 eonsilium
2046 3086 2287 3154 eleetos
2331 3112 2590 3156 summo
2636 3111 2798 3176 pon-

704 3191 887 3265 tifici,
935 3192 1021 3256 ad
1067 3191 1544 3256 detrimentum
1593 3187 2106 3254 cantuariensis
2151 3191 2439 3262 eeclesiae
2485 3200 2555 3256 et
2599 3192 2804 3256 vestri

704 3293 1155 3360 confusionem
1222 3293 1425 3378 (quod
1494 3291 1675 3356 Deus
1736 3293 2032 3374 avertat)
2093 3293 2562 3360 consecrandos
2609 3294 2810 3359 desti-

708 3400 887 3460 nent.
983 3394 1150 3460 Inde
1218 3395 1541 3478 siquidem
1619 3399 1737 3468 est,
1817 3393 1997 3477 quod
2071 3395 2436 3461 adventum
2513 3403 2809 3466 vestrum

708 3497 781 3560 in
826 3496 1137 3582 Angliam
1207 3505 1473 3561 tantum
1535 3495 1779 3581 cupiat,
1843 3500 1912 3560 et
1965 3497 2035 3560 in
2089 3499 2468 3564 confusione
2519 3521 2812 3584 personae

711 3604 948 3663 vestrae
1008 3599 1107 3663 ita
1158 3598 1535 3684 frequenter
1595 3603 1663 3662 et
1718 3597 2014 3681 improbe
2045 3598 2402 3684 persistat²
2491 3599 2812 3665 Videmus

711 3707 935 3765 autem
983 3700 1183 3784 hujus
1261 3698 1771 3764 machinationis
1840 3698 2181 3765 diabolieae
2233 3701 2434 3766 nimis
2489 3709 2694 3788 certa„
2742 3708 2811 3767 et

711 3800 1015 3866 omnibus
1064 3801 1397 3886 regionem
1437 3800 1619 3865 illam
1641 3798 1667 3836 ³
1720 3798 2254 3865 inhabitantibus
2305 3803 2665 3879 eredibilia,
2711 3803 2813 3867 in-

714 3903 902 3968 dicia.
996 3902 1358 3988 Episcopus
1426 3903 1605 3967 enim
1670 3898 1781 3966 ille
1859 3900 2076 3966 dietus
2145 3903 2640 3982 Londoniensis„
2701 3904 2814 3969 sed

714 4025 849 4068 non
879 4025 1075 4068 verus
1106 4003 1465 4090 episeopuS,
1508 4004 1769 4089 jamdiu
1801 4007 1873 4070 in
1907 4005 2206 4090 partibus
2239 4005 2818 4072 Beverlaoensibus

716 4127 966 4170 moram
1010 4105 1183 4184 feeit,
1216 4113 1285 4172 et
1306 4106 1333 4144 ⁴
1363 4107 1554 4191 quasi
1604 4107 1889 4172 Beatum
1937 4107 1982 4172 J
1985 4128 2266 4172 oannem
2299 4107 2547 4174 ibidem
2578 4109 2818 4175 adora-

718 4213 909 4272 turus
939 4207 1168 4272 falsam
1202 4207 1794 4292 peregrinationem
1841 4209 2204 4286 simulavit,
2235 4215 2317 4274 ut
2363 4210 2536 4288 inde,
2582 4211 2818 4276 similis

718 4309 986 4374 domino
1059 4331 1194 4388 suc,
1271 4315 1341 4374 et
1404 4309 1689 4394 pastoris
1749 4311 1852 4374 sui
1872 4312 1896 4350 ⁶
1975 4310 2284 4396 operibus
2355 4312 2682 4389 detrahat,
2759 4319 2830 4377 et

2720 4483 2816 4490 -—-

791 4579 805 4612 ¹
846 4579 1013 4640 vestri,
1038 4581 1099 4639 Ο,
1127 4579 1197 4638 Z;
1236 4581 1413 4638 roostrae',
1438 4581 1499 4628 L.
1766 4592 1771 4613 ¹
1891 4580 1913 4614 ³
1949 4581 2144 4646 reqioui
2165 4580 2266 4644 illi,
2289 4583 2361 4646 V,
2386 4585 2442 4634 Z.

724 4735 769 4788 ι
788 4659 809 4692 ²
840 4659 1091 4724 persistet,
1130 4656 1193 4720 O,
1230 4658 1301 4718 V,
1341 4658 1416 4717 z;
1453 4659 1725 4724 persistat,
1893 4659 1916 4771 ἶ
1949 4667 1998 4710 et
2020 4660 2232 4791 ‘maxrsked
2255 4661 2336 4713 for
2357 4663 2616 4727 omission,
2639 4666 2710 4718 V.

776 4773 788 4788 .
1126 4787 1133 4792 ,
1947 4755 2072 4801 suu,
2154 4777 2166 4791 .
