3634 5800
553 4322 666 4373 Oet.
691 4328 773 4401 23.

899 858 1033 921 498
1782 872 2142 922 ams‘ronAE.
2615 857 2774 941 [an.
2811 854 3006 925 1171.

900 1058 1079 1122 notis
1146 1058 1309 1123 meis
1377 1057 1824 1145 opprobrium,
1901 1065 1972 1124 et
2033 1060 2262 1124 amicis
2337 1058 2534 1143 plena
2605 1055 3009 1123 confusionis

904 1158 1168 1225 occasiO.
1262 1158 1351 1223 Et
1393 1160 1526 1225 nisi
1569 1161 1683 1246 pia
1727 1160 2072 1227 clementis
2119 1160 2357 1225 medici
2403 1180 2562 1225 cura
2627 1156 3008 1244 languentis

904 1262 1167 1327 vulneri
1212 1262 1321 1327 vel
1364 1262 1439 1325 in
1482 1263 1737 1329 modico
1784 1262 2169 1349 lanuginem
2205 1262 2609 1339 obduxisset,
2657 1262 2730 1326 in
2773 1260 3010 1327 salutis

902 1365 1263 1457 desperatae
1324 1364 1693 1431 cicatricem
1755 1386 1939 1431 mora
2012 1365 2338 1450 profusior
2412 1364 2630 1429 ulcera
2691 1362 3012 1449 patientis

901 1468 1293 1532 indurasset.
1386 1466 1585 1533 Nune
1628 1472 1875 1544 autem,
1933 1474 2136 1554 pater,
2183 1490 2332 1533 cum
2377 1489 2464 1532 ex
2525 1466 2632 1531 his
2677 1487 2828 1552 quae
2889 1486 3010 1551 pa-

901 1573 1097 1634 tema
1139 1569 1277 1633 fflio
1322 1569 1601 1634 indulsit
1645 1569 1858 1656 pietas
1917 1570 2208 1655 aliquam
2253 1569 2420 1635 mihi
2482 1569 2680 1634 liceat
2745 1588 3009 1655 sperare

902 1670 1203 1747 salutem,
1256 1670 1599 1737 reviviscit
1664 1672 1940 1757 spiritus
2003 1692 2207 1749 meus,
2272 1671 2569 1737 exsultat
2632 1670 2874 1747 anima,
2937 1674 3008 1735 et

900 1792 1023 1858 pro
1098 1773 1605 1838 mansuetudine
1679 1774 2030 1862 benignius
2105 1774 2408 1839 exhibita
2479 1773 2566 1840 ad
2639 1772 3008 1859 gratiarum

899 1874 1191 1940 actiones
1235 1896 1420 1939 mens
1486 1880 1633 1941 tota
1674 1876 1979 1967 resurgit,
2046 1880 2117 1941 et
2175 1876 2262 1941 ad
2325 1876 2698 1943 sanctitatis
2765 1879 3010 1941 vestrae

898 1977 1255 2063 provoluta
1298 1978 1495 2063 pedes
1539 1980 1699 2044 totis
1760 1980 2130 2065 supplicare
2175 1980 2443 2059 viribus,
2512 1979 2676 2045 totis
2736 1978 3012 2043 anhelat

900 2101 1169 2145 exorare
1214 2080 1573 2158 desideriis,
1617 2091 1697 2146 ut
1740 2086 1893 2167 post
1935 2082 2308 2148 mordentia.
2371 2080 2782 2147 austeritatis
2843 2079 3010 2145 vina

898 2182 1029 2267 piae
1102 2182 1399 2248 lenitatis
1490 2184 1707 2249 oleum
1780 2184 1944 2249 meis
2019 2183 2413 2250 infundatur
2499 2182 2846 2261 ulceribus,
2935 2188 3018 2247 et‘

898 2289 1195 2368 paternae
1239 2285 1665 2370 correptionis
1728 2285 2049 2371 asperitas
2111 2290 2430 2351 maternae
2494 2286 2766 2351 tandem
2833 2284 3006 2351 circa

896 2408 1003 2451 me
1048 2386 1319 2479 pietatis
1336 2386 1361 2425 ¹
1408 2387 1721 2452 uberibus
1767 2388 2153 2474 excipiatur.
2247 2386 2441 2452 Intus
2477 2386 2619 2473 jam
2663 2386 2843 2472 apud
2891 2407 3006 2472 pa-

894 2493 1067 2553 trem
1129 2489 1221 2554 sit
1283 2490 1399 2575 qui
1465 2511 1584 2575 pro
1650 2490 1791 2555 filio
1855 2490 2077 2576 pulset
2139 2494 2208 2555 et
2270 2496 2499 2556 exoret
2561 2490 2856 2582 affectus,
2921 2493 3005 2553 ut
3061 2492 3070 2499 “

902 2592 1216 2677 punitum
1254 2592 1397 2676 jam
1442 2594 1606 2658 satis
1650 2593 2027 2679 suscipiatis
2072 2593 2144 2657 in
2187 2594 2488 2679 gratiam,
2535 2598 2606 2659 et
2634 2597 3002 2660 correctum

896 2695 1193 2780 graviter
1254 2696 1494 2761 vestris
1560 2696 1877 2761 devotum
1941 2694 2222 2761 firmiter
2285 2695 2614 2781 obsequiis
2681 2695 3002 2762 habeatis.

898 2796 1089 2861 Intra
1132 2802 1353 2863 castra
1416 2802 1798 2863 revocatum
1862 2798 2076 2883 pietas
2121 2802 2399 2883 paterna
2463 2804 2866 2883 promoveat,
2931 2802 3004 2864 et

894 2897 1312 2984 praelibatam
1380 2898 1547 2963 mihi
1589 2901 1874 2986 gratiam
1937 2899 2025 2964 ad
2084 2898 2450 2986 perfectum
2509 2922 2750 2966 manus
2807 2922 3000 2986 apos-

894 3001 1093 3068 tolica
1128 3002 1317 3086 justa
1362 3002 1629 3068 tandem
1676 3001 2098 3072 miseratione
2143 3003 2480 3088 perducat,
2524 3023 2609 3067 ne
2678 3003 2751 3066 in
2812 3001 2997 3067 luctu

893 3107 960 3167 et
1004 3104 1270 3169 miseria
1312 3103 1452 3170 dies
1497 3127 1675 3170 meos
1720 3105 2102 3191 transigere,
2147 3110 2218 3169 et
2259 3126 2365 3170 me
2411 3104 2666 3170 dierum
2705 3127 2998 3171 meorum

892 3207 1299 3290 paucitatem
1366 3228 1515 3292 quse
1560 3210 1879 3293 superest,
1942 3207 2016 3270 in
2059 3206 2502 3298 amaritudine
2568 3207 2764 3272 finire
2825 3229 3000 3273 com-

890 3308 1113 3393 pellat.
1229 3307 1591 3374 Conservet
1678 3309 2203 3374 incolumitatem
2293 3314 2583 3374 vestram
2674 3309 3000 3376 Dominus
3027 3324 3064 3335 ’·

892 3410 1176 3476 ecclesiae
1222 3433 1362 3477 suae
1403 3411 1632 3477 multis
1676 3411 2096 3498 profuturam
2129 3411 2566 3497 .temporibuS‚
2611 3411 2686 3476 in
2731 3410 3000 3478 Christo

889 3512 1127 3578 dilecte
1171 3518 1377 3598 pater.
2031 3505 2040 3512 ¹
2903 3539 2908 3544 ·

1727 3830 2166 3898 DCCLXIII.

958 3973 1402 4038 ALEXANDER
1446 3986 1622 4036 PAPA
1667 3971 2226 4037 ROTHOMAGENSI
2272 3989 2817 4039 Ancnmmsooro
2865 3989 2951 4038 ΕΤ

1486 4075 1933 4139 AMBIANENSI
1953 4074 1978 4112 2
2023 4091 2364 4141 Emscoro.

1286 4213 1379 4278 (O.
1402 4212 1455 4266 ii.
1479 4217 1575 4262 286
1600 4233 1614 4272 ς
1650 4214 1707 4262 Ζ.
1731 4230 1778 4262 v.
1794 4217 1860 4263 89
1883 4233 1896 4272 ς
1918 4213 2047 4277 Lup.
2071 4229 2118 4264 v.
2145 4218 2208 4264 85
2229 4236 2242 4274 ;
2277 4214 2462 4264 Thom.
2481 4218 2623 4277 259.)

981 4334 1361 4398 Alexander
1379 4332 1406 4371 ³
1469 4333 1828 4418 episeopus,
1880 4338 2107 4396 s'ervus
2152 4353 2486 4396 servorum
2545 4333 2689 4410 Dei,
2721 4355 2996 4399 venera-

890 4435 1010 4500 bili
1042 4436 1239 4500 fratri
1286 4435 1580 4500 ,Rotrodo
1624 4433 2143 4518 Rothomagensi
2187 4433 2670 4521 archiepiscopo
2715 4440 2787 4500 et
2827 4437 2994 4500 Am-

886 4536 1249 4622 bi[an]ensi
1269 4538 1571 4624 episcopo
1602 4537 1882 4601 salutem
1914 4541 1984 4600 et
2004 4536 2427 4621 apostolicam
2450 4537 2992 4605 benedictionem.

954 4737 970 4767 ¹
1007 4733 1070 4783 de
1093 4733 1188 4784 ins.
1214 4734 1273 4784 C.
2060 4732 2082 4764 ³
2115 4731 2240 4782 This
2263 4733 2484 4800 heading
2505 4732 2549 4783 is
2571 4733 2702 4783 from
2726 4733 2784 4784 C.

952 4813 974 4844 ²
1008 4813 1219 4862 Ambieu
1228 4814 1291 4872 si,
1316 4813 1371 4860 Z.
