3634 5800
870 865 1000 930 168
1383 913 1386 917 .
1745 879 2108 930 EPISTOLAE.
2592 864 2749 948 [Am.
2786 866 2975 932 1169.

865 1064 1156 1130 Parisius
1223 1065 1453 1160 habito
1499 1066 1571 1130 in
1619 1067 1875 1131 octavis
1896 1065 1921 1104 ¹
1968 1066 2163 1132 Beati
2230 1065 2527 1144 Martini,
2574 1068 2971 1154 petitionem

865 1167 1332 1254 subscriptam,
1391 1190 1517 1255 per
1560 1167 1910 1233 dominum
1957 1169 2555 1255 Rothomagensem
2588 1174 2658 1235 et
2724 1169 2969 1256 episco-

799 1279 806 1288 '
867 1288 1024 1353 pum
1073 1269 1458 1356 Sagiensem
1486 1276 1558 1336 et
1587 1267 1737 1348 me,2
1781 1271 1921 1356 regi
1954 1269 2338 1356 Anglorum,
2373 1275 2699 1357 praesente
2744 1270 2971 1338 Chris-

869 1371 1240 1438 tianissimo
1304 1393 1475 1459 rege,
1519 1373 1929 1460 porriget-ets:
1994 1377 2027 1406 “
2052 1372 2200 1439 Hoc
2264 1372 2557 1459 petimus
2613 1394 2658 1439 a
2700 1373 2969 1438 domino

869 1481 902 1506 “
947 1478 1176 1538 nostro
1219 1495 1375 1562 rege
1429 1475 1634 1560 juxta
1699 1476 2096 1541 mandatum
2164 1480 2234 1541 et
2291 1475 2645 1543 consilium
2712 1475 2967 1542 domini

869 1584 901 1608 “
949 1595 1159 1660 papae,
1205 1581 1302 1654 ut,
1348 1597 1468 1662 pro
1513 1597 1736 1642 amore
1781 1576 1909 1642 Dei
1954 1580 2025 1642 et
2067 1577 2321 1642 domini
2364 1598 2574 1665 papae,
2604 1583 2675 1644 et
2718 1576 2966 1642 honore

866 1685 901 1710 “
947 1681 1194 1744 sanctae
1257 1677 1563 1757 ecclesiae,
1609 1700 1687 1746 ac
1731 1679 1947 1745 salute
2014 1699 2136 1745 sua
2180 1684 2251 1745 et
2294 1680 2635 1746 haeredum
2680 1699 2966 1756 suorum,

867 1786 902 1814 “
948 1779 1228 1864 recipiat
1270 1800 1390 1845 nos
1435 1780 1510 1844 in
1570 1781 1855 1868 gratiam
1915 1801 2122 1860 suam,
2166 1785 2237 1846 et
2280 1783 2599 1848 concedat
2641 1781 2852 1859 nobiS,
2894 1786 2968 1847 et

869 1888 905 1916 “
949 1879 1255 1947 omnibus
1319 1880 1436 1966 qui
1505 1879 1850 1948 nobiscum
1920 1888 1990 1948 et
2056 1903 2176 1968 pro
2250 1883 2442 1949 nobis
2504 1883 2817 1948 exierunt
2883 1882 2965 1948 de

870 1989 904 2016 “
949 2003 1167 2067 regn0,
1214 2001 1441 2066 pacem
1505 2003 1692 2046 suam
1738 1987 1808 2046 et
1854 1969 2119 2068 plenam
2180 1984 2607 2050 securitatem
2652 1983 2735 2048 de
2780 2005 2850 2046 se
2895 1989 2966 2046 et

864 2093 896 2118 “
943 2084 1098 2162 suis,
1162 2082 1306 2148 sine
1373 2084 1547 2148 malo
1592 2085 1903 2170 ingeni03
1950 2090 2020 2150 et
2081 2085 2317 2151 reddat
2378 2085 2569 2150 nobis
2628 2085 2963 2150 ecclesiam

864 2195 896 2220 “
943 2185 1490 2252 Cantuariensem
1538 2187 1610 2250 in
1655 2207 1734 2251 ea
1777 2186 2197 2272 plenitudine
2242 2193 2313 2252 et
2356 2187 2663 2252 liba-tate
2714 2187 2787 2250 in
2832 2207 2967 2272 qua

862 2295 895 2322 “
940 2310 1086 2354 eam
1133 2287 1367 2353 melius
1435 2289 1863 2354 habuerimus
1879 2286 1905 2326 ³
1967 2296 2318 2374 postquam
2362 2291 2449 2355 ad
2508 2291 2731 2356 sedem
2776 2288 2959 2354 illam

862 2399 893 2424 “
943 2389 1373 2468 accessimus3
1439 2396 1511 2455 et
1575 2391 2017 2476 possessiones
2085 2411 2311 2456 omnes
2356 2413 2522 2477 quas
2582 2390 2960 2467 habuimus,

860 2501 898 2527 “
944 2491 1032 2556 ad
1077 2490 1439 2556 tenendum
1485 2496 1556 2556 et
1617 2491 2001 2557 habendum
2044 2493 2144 2558 ita
2205 2493 2434 2567 libere,
2482 2497 2552 2558 et
2597 2494 2843 2578 quiete,
2886 2497 2956 2556 et

861 2601 895 2628 “
937 2593 1312 2672 honorifice,
1345 2594 1520 2659 sicut
1564 2593 1838 2660 ecclesia
1882 2598 1953 2658 et
1996 2615 2117 2659 nos
2162 2616 2273 2661 eas
2318 2594 2593 2660 liberius
2640 2599 2722 2663 et¹
2755 2593 2959 2660 hono-

859 2703 892 2730 “
937 2694 1301 2760 rificentius
1345 2693 1685 2760 tenuimus
1729 2700 1800 2759 et
1858 2694 2211 2760 habuimus
2257 2700 2609 2782 postquam
2673 2697 2961 2781 promoti

857 2805 889 2831 “
936 2819 1164 2862 sumus
1231 2797 1304 2861 in
1367 2795 1975 2883 archiepiscopum3
2042 2803 2113 2862 et
2174 2798 2483 2864 similiter
2544 2795 2833 2878 nostris}
2892 2802 2999 2862 et·

865 2911 901 2935 “
947 2922 1174 2965 omnes
1239 2898 1543 2966 ecclesias
1607 2904 1678 2965 et
1745 2899 2135 2986 praebendas
2200 2901 2289 2967 ad
2331 2899 2963 2985 archiepiscopatum

854 3012 889 3039 “
933 3005 1338 3089 pertinentes
1408 3022 1558 3087 quae
1603 3009 2017 3068 vacaverunt
2084 3007 2435 3088 postquam
2500 3003 2831 3068 exivimus
2876 3003 2960 3067 de

856 3114 888 3140 “
933 3112 1130 3181 terra,
1177 3110 1246 3168 et
1267 3103 1294 3140 4
1340 3108 1417 3167 ut
1463 3104 1786 3169 faciamus
1836 3104 1920 3169 de
1966 3104 2062 3169 eis
2106 3104 2280 3170 sicut
2323 3105 2406 3168 de
2450 3105 2724 3183 nostris,
2761 3111 2961 3190 prout

854 3214 888 3241 “
932 3208 1124 3286 nobis
1171 3206 1511 3291 placuerit,
1555 3206 1869 3270 similiter
1914 3206 2156 3271 habere
2200 3206 2601 3292 permittat.”
2694 3206 2785 3270 Et
2835 3206 2957 3272 hoc

851 3312 924 3375 in
969 3310 1362 3394 scripturam
1409 3309 1747 3374 redactum
1795 3314 1914 3377 est.
1992 3308 2094 3375 De
2126 3310 2479 3375 mobilibus
2512 3330 2667 3375 vero
2711 3310 2955 3375 ablatis

851 3434 920 3477 se
993 3412 1323 3477 facturum
1395 3411 1702 3497 promisit
1746 3410 2297 3497 archiepiscopus,
2357 3412 2561 3496 juxta
2607 3411 2953 3477 consilium

852 3520 1165 3589 vestrum,
1211 3518 1294 3576 ut
1359 3534 1401 3576 a
1465 3512 1650 3577 nullo
1720 3534 1920 3597 super
1986 3512 2109 3578 hoc
2173 3514 2443 3579 deberet
2510 3514 2715 3599 argui.
2805 3514 2952 3578 Rex

847 3622 1092 3691 autem,
1123 3614 1358 3679 audita
1401 3614 1731 3698 petitione
1765 3614 2032 3700 scripta,
2064 3614 2145 3679 de
2176 3615 2375 3701 plano
2408 3615 2731 3700 [quidem]
2752 3614 2777 3653 ⁶
2820 3636 2953 3679 non

848 3716 1272 3793 contradixit,
1319 3715 1450 3795 sed,
1500 3714 1780 3781 mutatis
1827 3716 2067 3794 verbis,
2135 3718 2477 3802 respondit
2520 3716 2699 3801 quod
2742 3717 2954 3783 archi-

847 3822 1188 3907 episcopus
1231 3818 1508 3883 haberet
1553 3818 1895 3884 ecclesiam
1960 3840 2152 3884 suam
2200 3823 2271 3885 et
2316 3821 2759 3904 possessiones
2804 3841 2955 3884 suas
3036 3901 3041 3907 ,

846 3924 918 3987 in
963 3942 1139 4007 pace,
1184 3942 1348 4005 quas
1416 3918 1794 3985 habuerunt
1840 3925 1909 3985 et
1977 3920 2151 3987 sicut
2213 3920 2595 3986 habuerunt
2658 3927 2951 3987 anteces-

845 4044 1022 4089 sores
1065 4022 1210 4101 sui3
1255 4026 1335 4085 ut
1352 4019 1378 4059 ⁰
1421 4020 1516 4085 sic
1561 4021 1942 4086 excluderet
1971 4022 2409 4107 possessiones
2438 4023 2753 4107 quasdam
2802 4044 2952 4108 quae

845 4126 928 4191 de
972 4146 1147 4191 novo
1193 4122 1570 4189 acciderant
1615 4122 1770 4189 huic
1813 4123 2304 4211 archiepiscopo
2350 4123 2432 4189 de
2469 4123 2622 4208 jure
2668 4124 2955 4191 ecclesias

843 4249 995 4305 suae,
1042 4232 1111 4293 et
1155 4246 1320 4311 quas
1363 4224 1689 4292 habuerat
1733 4229 1802 4290 et
1847 4230 2153 4291 tenuerat
2197 4230 2547 4311 postquam
2594 4225 2806 4291 factus
2850 4231 2952 4291 est

910 4460 926 4493 ¹
960 4458 1151 4511 octabis
1177 4460 1414 4522 (contla),
1437 4458 1518 4517 A;
1553 4462 1748 4520 octava,
1775 4458 1845 4521 L;
2014 4458 2037 4489 ⁴
2070 4465 2135 4518 et,
2160 4475 2263 4527 om.
2289 4460 2350 4509 L.

843 4540 1069 4600 octabas,
1090 4538 1211 4589 with
1235 4536 1534 4595 correction,
1557 4536 1616 4587 Ζ.
2017 4538 2037 4567 ⁸
2068 4538 2289 4601 quidam,
2312 4536 2399 4599 V;
2434 4554 2536 4589 om.
2560 4538 2620 4602 Z,
2644 4538 2712 4590 L.

909 4618 931 4651 2
962 4625 1029 4675 et,
1052 4616 1149 4667 ins.
1173 4616 1241 4667 V.
2014 4615 2037 4648 ⁶
2068 4622 2144 4679 ut,
2164 4616 2234 4677 A,
2258 4616 2305 4669 O
2329 4636 2343 4676 3
2380 4625 2446 4679 et,
2468 4618 2529 4668 L.

909 4696 932 4728 ³
964 4696 1302 4759 habuerim,
1337 4692 1403 4755 V,
1440 4694 1524 4753 Ag
1561 4690 1844 4754 habuimus,

840 4779 898 4839 Z,
921 4774 990 4825 L.
