<?xml version="1.0" encoding="UTF-8"?>
<!DOCTYPE html PUBLIC "-//W3C//DTD XHTML 1.0 Transitional//EN"
    "http://www.w3.org/TR/xhtml1/DTD/xhtml1-transitional.dtd">
<html xmlns="http://www.w3.org/1999/xhtml" xml:lang="en" lang="en">
 <head>
  <title>
</title>
<meta http-equiv="Content-Type" content="text/html;charset=utf-8" />
  <meta name='ocr-system' content='tesseract 3.04.00' />
  <meta name='ocr-capabilities' content='ocr_page ocr_carea ocr_par ocr_line ocrx_word'/>
</head>
<body>
  <div class='ocr_page' id='page_1' title='image "./materialsforhis00herbgoog_0462.png"; bbox 0 0 3634 5800; ppageno 0'>
   <div class='ocr_carea' id='block_1_1' title="bbox 579 856 2699 942">
    <p class='ocr_par' dir='ltr' id='par_1_1' title="bbox 579 856 2699 942">
     <span class='ocr_line' id='line_1_1' title="bbox 579 856 2699 942; baseline 0.002 -19"><span class='ocrx_word' id='word_1_1' title='bbox 579 870 711 923; x_wconf 60' lang='lat' dir='ltr'><strong>an.</strong></span> <span class='ocrx_word' id='word_1_2' title='bbox 747 856 969 942; x_wconf 86' lang='lat'>1171.]</span> <span class='ocrx_word' id='word_1_3' title='bbox 1464 873 1823 923; x_wconf 75' lang='lat' dir='ltr'>EPISTOLAE.</span> <span class='ocrx_word' id='word_1_4' title='bbox 2571 861 2699 928; x_wconf 78' lang='lat'><strong>437</strong></span> 
     </span>
    </p>
   </div>
   <div class='ocr_carea' id='block_1_2' title="bbox 580 1056 2726 4390">
    <p class='ocr_par' dir='ltr' id='par_1_2' title="bbox 580 1056 2726 4390">
     <span class='ocr_line' id='line_1_2' title="bbox 581 1056 2701 1145; baseline 0.001 -27"><span class='ocrx_word' id='word_1_5' title='bbox 581 1076 761 1137; x_wconf 85' lang='lat' dir='ltr'><strong>mox,</strong></span> <span class='ocrx_word' id='word_1_6' title='bbox 804 1062 1154 1145; x_wconf 87' lang='lat' dir='ltr'><strong>amputata</strong></span> <span class='ocrx_word' id='word_1_7' title='bbox 1216 1059 1305 1123; x_wconf 86' lang='lat' dir='ltr'><strong>ad</strong></span> <span class='ocrx_word' id='word_1_8' title='bbox 1364 1058 1635 1124; x_wconf 88' lang='lat' dir='ltr'><strong>modum</strong></span> <span class='ocrx_word' id='word_1_9' title='bbox 1705 1078 1964 1124; x_wconf 83' lang='lat' dir='ltr'><strong>coronae</strong></span> <span class='ocrx_word' id='word_1_10' title='bbox 2040 1056 2339 1137; x_wconf 76' lang='lat' dir='ltr'><strong>cervice,1</strong></span> <span class='ocrx_word' id='word_1_11' title='bbox 2411 1057 2701 1124; x_wconf 89' lang='lat' dir='ltr'><strong>confusis</strong></span> 
     </span>
     <span class='ocr_line' id='line_1_3' title="bbox 580 1158 2699 1245; baseline -0 -24"><span class='ocrx_word' id='word_1_12' title='bbox 580 1158 901 1245; x_wconf 87' lang='lat' dir='ltr'><strong>sanguine</strong></span> <span class='ocrx_word' id='word_1_13' title='bbox 945 1158 1381 1225; x_wconf 78' lang='lat' dir='ltr'><strong>commixtum</strong></span> <span class='ocrx_word' id='word_1_14' title='bbox 1428 1164 1499 1224; x_wconf 89' lang='lat' dir='ltr'><strong>et</strong></span> <span class='ocrx_word' id='word_1_15' title='bbox 1543 1158 1824 1236; x_wconf 88' lang='lat' dir='ltr'><strong>cerebro,</strong></span> <span class='ocrx_word' id='word_1_16' title='bbox 1873 1162 2196 1242; x_wconf 89' lang='lat' dir='ltr'><strong>tanquam</strong></span> <span class='ocrx_word' id='word_1_17' title='bbox 2242 1158 2330 1223; x_wconf 91' lang='lat' dir='ltr'><strong>ad</strong></span> <span class='ocrx_word' id='word_1_18' title='bbox 2377 1158 2699 1223; x_wconf 90' lang='lat' dir='ltr'><strong>orandum</strong></span> 
     </span>
     <span class='ocr_line' id='line_1_4' title="bbox 582 1258 2700 1345; baseline 0 -22"><span class='ocrx_word' id='word_1_19' title='bbox 582 1278 829 1343; x_wconf 87' lang='lat' dir='ltr'><strong>pronus</strong></span> <span class='ocrx_word' id='word_1_20' title='bbox 873 1260 947 1325; x_wconf 88' lang='lat' dir='ltr'><strong>in</strong></span> <span class='ocrx_word' id='word_1_21' title='bbox 990 1260 1377 1345; x_wconf 85' lang='lat' dir='ltr'><strong>pavimento</strong></span> <span class='ocrx_word' id='word_1_22' title='bbox 1406 1280 1658 1345; x_wconf 88' lang='lat' dir='ltr'><strong>corpus,</strong></span> <span class='ocrx_word' id='word_1_23' title='bbox 1691 1259 1763 1324; x_wconf 90' lang='lat' dir='ltr'><strong>in</strong></span> <span class='ocrx_word' id='word_1_24' title='bbox 1807 1258 2028 1323; x_wconf 90' lang='lat' dir='ltr'><strong>sinum</strong></span> <span class='ocrx_word' id='word_1_25' title='bbox 2059 1258 2348 1325; x_wconf 70' lang='lat' dir='ltr'><strong>Abrahae</strong></span> <span class='ocrx_word' id='word_1_26' title='bbox 2391 1260 2700 1345; x_wconf 88' lang='lat' dir='ltr'><strong>spiritum</strong></span> 
     </span>
     <span class='ocr_line' id='line_1_5' title="bbox 586 1360 2702 1447; baseline -0 -21"><span class='ocrx_word' id='word_1_27' title='bbox 586 1360 949 1427; x_wconf 89' lang='lat' dir='ltr'><strong>collocavit.</strong></span> <span class='ocrx_word' id='word_1_28' title='bbox 1066 1361 1208 1447; x_wconf 89' lang='lat' dir='ltr'><strong>Ego</strong></span> <span class='ocrx_word' id='word_1_29' title='bbox 1274 1360 1509 1447; x_wconf 90' lang='lat' dir='ltr'><strong>utique</strong></span> <span class='ocrx_word' id='word_1_30' title='bbox 1575 1360 1681 1425; x_wconf 89' lang='lat' dir='ltr'><strong>his</strong></span> <span class='ocrx_word' id='word_1_31' title='bbox 1745 1380 2164 1447; x_wconf 89' lang='lat' dir='ltr'><strong>nequaquam</strong></span> <span class='ocrx_word' id='word_1_32' title='bbox 2227 1360 2526 1441; x_wconf 87' lang='lat' dir='ltr'><strong>interfui,</strong></span> <span class='ocrx_word' id='word_1_33' title='bbox 2587 1361 2702 1427; x_wconf 88' lang='lat' dir='ltr'><strong>sed</strong></span> 
     </span>
     <span class='ocr_line' id='line_1_6' title="bbox 585 1461 2700 1548; baseline 0 -21"><span class='ocrx_word' id='word_1_34' title='bbox 585 1461 811 1527; x_wconf 87' lang='lat' dir='ltr'><strong>eodem</strong></span> <span class='ocrx_word' id='word_1_35' title='bbox 888 1463 995 1528; x_wconf 85' lang='lat' dir='ltr'><strong>die</strong></span> <span class='ocrx_word' id='word_1_36' title='bbox 1072 1462 1501 1528; x_wconf 72' lang='lat' dir='ltr'><strong>cantuariam</strong></span> <span class='ocrx_word' id='word_1_37' title='bbox 1578 1461 1751 1543; x_wconf 86' lang='lat' dir='ltr'><strong>veni,</strong></span> <span class='ocrx_word' id='word_1_38' title='bbox 1827 1483 2062 1548; x_wconf 84' lang='lat' dir='ltr'><strong>corpus</strong></span> <span class='ocrx_word' id='word_1_39' title='bbox 2155 1463 2460 1527; x_wconf 84' lang='lat' dir='ltr'><strong>exanime</strong></span> <span class='ocrx_word' id='word_1_40' title='bbox 2549 1483 2700 1529; x_wconf 87' lang='lat' dir='ltr'><strong>cum</strong></span> 
     </span>
     <span class='ocr_line' id='line_1_7' title="bbox 585 1561 2702 1649; baseline 0.001 -23"><span class='ocrx_word' id='word_1_41' title='bbox 585 1561 990 1649; x_wconf 75' lang='lat' dir='ltr'>singultibus</span> <span class='ocrx_word' id='word_1_42' title='bbox 1034 1569 1106 1629; x_wconf 91' lang='lat' dir='ltr'><strong>et</strong></span> <span class='ocrx_word' id='word_1_43' title='bbox 1149 1564 1315 1629; x_wconf 92' lang='lat' dir='ltr'><strong>fletu</strong></span> <span class='ocrx_word' id='word_1_44' title='bbox 1359 1563 1773 1649; x_wconf 74' lang='lat' dir='ltr'><strong>conspicatus</strong></span> <span class='ocrx_word' id='word_1_45' title='bbox 1819 1584 1984 1639; x_wconf 89' lang='lat' dir='ltr'><strong>sum,</strong></span> <span class='ocrx_word' id='word_1_46' title='bbox 2031 1562 2496 1630; x_wconf 77' lang='lat' dir='ltr'><strong>habitudinem</strong></span> <span class='ocrx_word' id='word_1_47' title='bbox 2543 1584 2702 1630; x_wconf 84' lang='lat' dir='ltr'><strong>vero</strong></span> 
     </span>
     <span class='ocr_line' id='line_1_8' title="bbox 588 1663 2706 1750; baseline 0.001 -23"><span class='ocrx_word' id='word_1_48' title='bbox 588 1663 779 1729; x_wconf 88' lang='lat' dir='ltr'><strong>faciei</strong></span> <span class='ocrx_word' id='word_1_49' title='bbox 839 1670 1165 1750; x_wconf 86' lang='lat' dir='ltr'><strong>quantum</strong></span> <span class='ocrx_word' id='word_1_50' title='bbox 1234 1665 1483 1731; x_wconf 88' lang='lat' dir='ltr'><strong>cruoris</strong></span> <span class='ocrx_word' id='word_1_51' title='bbox 1550 1664 1874 1730; x_wconf 84' lang='lat' dir='ltr'><strong>labefacto</strong></span> <span class='ocrx_word' id='word_1_52' title='bbox 1938 1665 2202 1730; x_wconf 88' lang='lat' dir='ltr'><strong>sinebat</strong></span> <span class='ocrx_word' id='word_1_53' title='bbox 2265 1687 2577 1743; x_wconf 86' lang='lat' dir='ltr'><strong>serenam,</strong></span> <span class='ocrx_word' id='word_1_54' title='bbox 2637 1670 2706 1730; x_wconf 95' lang='lat' dir='ltr'><strong>et</strong></span> 
     </span>
     <span class='ocr_line' id='line_1_9' title="bbox 589 1764 2702 1852; baseline 0.001 -23"><span class='ocrx_word' id='word_1_55' title='bbox 589 1765 881 1831; x_wconf 85' lang='lat' dir='ltr'><strong>viventis</strong></span> <span class='ocrx_word' id='word_1_56' title='bbox 929 1787 1163 1852; x_wconf 89' lang='lat' dir='ltr'><strong>parum</strong></span> <span class='ocrx_word' id='word_1_57' title='bbox 1195 1787 1272 1832; x_wconf 81' lang='lat' dir='ltr'><strong>ac</strong></span> <span class='ocrx_word' id='word_1_58' title='bbox 1316 1766 1600 1830; x_wconf 81' lang='lat' dir='ltr'><strong>similem</strong></span> <span class='ocrx_word' id='word_1_59' title='bbox 1647 1764 1870 1842; x_wconf 89' lang='lat' dir='ltr'><strong>immo,</strong></span> <span class='ocrx_word' id='word_1_60' title='bbox 1916 1778 1996 1830; x_wconf 89' lang='lat' dir='ltr'><strong>ut</strong></span> <span class='ocrx_word' id='word_1_61' title='bbox 2042 1787 2271 1831; x_wconf 84' lang='lat' dir='ltr'><strong>verum</strong></span> <span class='ocrx_word' id='word_1_62' title='bbox 2322 1766 2552 1843; x_wconf 88' lang='lat' dir='ltr'><strong>fatear,</strong></span> <span class='ocrx_word' id='word_1_63' title='bbox 2585 1766 2702 1831; x_wconf 90' lang='lat' dir='ltr'><strong>ad-</strong></span> 
     </span>
     <span class='ocr_line' id='line_1_10' title="bbox 592 1866 2700 1953; baseline 0 -23"><span class='ocrx_word' id='word_1_64' title='bbox 592 1866 925 1931; x_wconf 79' lang='lat' dir='ltr'><strong>stantibus</strong></span> <span class='ocrx_word' id='word_1_65' title='bbox 958 1868 1147 1953; x_wconf 87' lang='lat' dir='ltr'><strong>quasi</strong></span> <span class='ocrx_word' id='word_1_66' title='bbox 1193 1887 1595 1952; x_wconf 86' lang='lat' dir='ltr'><strong>conquerens</strong></span> <span class='ocrx_word' id='word_1_67' title='bbox 1642 1866 1802 1932; x_wconf 84' lang='lat' dir='ltr'><strong>viva</strong></span> <span class='ocrx_word' id='word_1_68' title='bbox 1847 1888 2008 1933; x_wconf 92' lang='lat' dir='ltr'><strong>voce</strong></span> <span class='ocrx_word' id='word_1_69' title='bbox 2053 1867 2412 1933; x_wconf 83' lang='lat' dir='ltr'><strong>videbatur</strong></span> <span class='ocrx_word' id='word_1_70' title='bbox 2441 1868 2658 1933; x_wconf 89' lang='lat' dir='ltr'><strong>audiri</strong></span> <span class='ocrx_word' id='word_1_71' title='bbox 2687 1893 2700 1931; x_wconf 76' lang='grc' dir='ltr'>ε</span> 
     </span>
     <span class='ocr_line' id='line_1_11' title="bbox 592 1968 2702 2055; baseline 0 -23"><span class='ocrx_word' id='word_1_72' title='bbox 592 1975 627 2002; x_wconf 93' lang='lat'><strong>“</strong></span> <span class='ocrx_word' id='word_1_73' title='bbox 672 1968 970 2047; x_wconf 88' lang='lat' dir='ltr'><strong>Vindica,</strong></span> <span class='ocrx_word' id='word_1_74' title='bbox 1047 1969 1351 2047; x_wconf 88' lang='lat' dir='ltr'><strong>Domine,</strong></span> <span class='ocrx_word' id='word_1_75' title='bbox 1415 1968 1808 2055; x_wconf 89' lang='lat' dir='ltr'><strong>sanguinem</strong></span> <span class='ocrx_word' id='word_1_76' title='bbox 1855 1968 2032 2034; x_wconf 87' lang='lat' dir='ltr'><strong>servi</strong></span> <span class='ocrx_word' id='word_1_77' title='bbox 2079 1969 2205 2047; x_wconf 90' lang='lat' dir='ltr'><strong>tui,</strong></span> <span class='ocrx_word' id='word_1_78' title='bbox 2270 1970 2390 2055; x_wconf 92' lang='lat' dir='ltr'><strong>qui</strong></span> <span class='ocrx_word' id='word_1_79' title='bbox 2455 1970 2702 2035; x_wconf 86' lang='lat' dir='ltr'><strong>effusus</strong></span> 
     </span>
     <span class='ocr_line' id='line_1_12' title="bbox 596 2068 2701 2155; baseline 0 -22"><span class='ocrx_word' id='word_1_80' title='bbox 596 2069 751 2134; x_wconf 87' lang='lat' dir='ltr'><strong>est.’&#39;</strong></span> <span class='ocrx_word' id='word_1_81' title='bbox 844 2068 1367 2135; x_wconf 83' lang='lat' dir='ltr'><strong>Praeconsideret</strong></span> <span class='ocrx_word' id='word_1_82' title='bbox 1408 2069 1618 2155; x_wconf 90' lang='lat' dir='ltr'><strong>igitur</strong></span> <span class='ocrx_word' id='word_1_83' title='bbox 1660 2069 1945 2155; x_wconf 88' lang='lat' dir='ltr'><strong>provida</strong></span> <span class='ocrx_word' id='word_1_84' title='bbox 1997 2070 2327 2135; x_wconf 89' lang='lat' dir='ltr'><strong>bonarum</strong></span> <span class='ocrx_word' id='word_1_85' title='bbox 2375 2071 2701 2137; x_wconf 80' lang='lat' dir='ltr'><strong>mentium</strong></span> 
     </span>
     <span class='ocr_line' id='line_1_13' title="bbox 596 2169 2705 2255; baseline -0 -20"><span class='ocrx_word' id='word_1_86' title='bbox 596 2176 667 2235; x_wconf 88' lang='lat' dir='ltr'><strong>et</strong></span> <span class='ocrx_word' id='word_1_87' title='bbox 694 2170 992 2235; x_wconf 88' lang='lat' dir='ltr'><strong>stabilita</strong></span> <span class='ocrx_word' id='word_1_88' title='bbox 1023 2169 1348 2247; x_wconf 82' lang='lat' dir='ltr'><strong>discretio,</strong></span> <span class='ocrx_word' id='word_1_89' title='bbox 1379 2190 1529 2255; x_wconf 85' lang='lat' dir='ltr'><strong>quae</strong></span> <span class='ocrx_word' id='word_1_90' title='bbox 1560 2173 1863 2255; x_wconf 85' lang='lat' dir='ltr'><strong>tempora</strong></span> <span class='ocrx_word' id='word_1_91' title='bbox 1892 2170 2071 2234; x_wconf 89' lang='lat' dir='ltr'><strong>tanti</strong></span> <span class='ocrx_word' id='word_1_92' title='bbox 2102 2170 2368 2236; x_wconf 87' lang='lat' dir='ltr'><strong>sceleris</strong></span> <span class='ocrx_word' id='word_1_93' title='bbox 2399 2171 2705 2236; x_wconf 90' lang='lat' dir='ltr'><strong>immani-</strong></span> 
     </span>
     <span class='ocr_line' id='line_1_14' title="bbox 596 2270 2707 2338; baseline -0 -2"><span class='ocrx_word' id='word_1_94' title='bbox 596 2276 805 2336; x_wconf 86' lang='lat' dir='ltr'><strong>tatem</strong></span> <span class='ocrx_word' id='word_1_95' title='bbox 850 2271 1283 2337; x_wconf 87' lang='lat' dir='ltr'><strong>commutari:</strong></span> <span class='ocrx_word' id='word_1_96' title='bbox 1353 2292 1475 2336; x_wconf 89' lang='lat' dir='ltr'><strong>sua</strong></span> <span class='ocrx_word' id='word_1_97' title='bbox 1518 2270 1697 2336; x_wconf 91' lang='lat' dir='ltr'><strong>enim</strong></span> <span class='ocrx_word' id='word_1_98' title='bbox 1746 2270 1880 2335; x_wconf 88' lang='lat' dir='ltr'><strong>diei</strong></span> <span class='ocrx_word' id='word_1_99' title='bbox 1945 2271 2206 2336; x_wconf 88' lang='lat' dir='ltr'><strong>malitia</strong></span> <span class='ocrx_word' id='word_1_100' title='bbox 2247 2294 2384 2337; x_wconf 92' lang='lat' dir='ltr'><strong>non</strong></span> <span class='ocrx_word' id='word_1_101' title='bbox 2429 2271 2707 2338; x_wconf 90' lang='lat' dir='ltr'><strong>sufficit:</strong></span> 
     </span>
     <span class='ocr_line' id='line_1_15' title="bbox 600 2371 2710 2460; baseline -0.001 -21"><span class='ocrx_word' id='word_1_102' title='bbox 600 2395 641 2439; x_wconf 90' lang='lat' dir='ltr'><strong>a</strong></span> <span class='ocrx_word' id='word_1_103' title='bbox 683 2374 1025 2460; x_wconf 87' lang='lat' dir='ltr'><strong>primitiva</strong></span> <span class='ocrx_word' id='word_1_104' title='bbox 1070 2371 1263 2439; x_wconf 89' lang='lat' dir='ltr'><strong>enim.</strong></span> <span class='ocrx_word' id='word_1_105' title='bbox 1295 2375 1846 2459; x_wconf 84' lang='lat' dir='ltr'><strong>persequutorum</strong></span> <span class='ocrx_word' id='word_1_106' title='bbox 1891 2372 2075 2437; x_wconf 87' lang='lat' dir='ltr'><strong>rabie</strong></span> <span class='ocrx_word' id='word_1_107' title='bbox 2119 2378 2261 2437; x_wconf 91' lang='lat' dir='ltr'><strong>tam</strong></span> <span class='ocrx_word' id='word_1_108' title='bbox 2307 2372 2710 2438; x_wconf 89' lang='lat' dir='ltr'><strong>horrendum</strong></span> 
     </span>
     <span class='ocr_line' id='line_1_16' title="bbox 599 2472 2710 2559; baseline -0 -19"><span class='ocrx_word' id='word_1_109' title='bbox 599 2474 784 2540; x_wconf 86' lang='lat' dir='ltr'><strong>nefas</strong></span> <span class='ocrx_word' id='word_1_110' title='bbox 828 2474 1203 2539; x_wconf 89' lang='lat' dir='ltr'><strong>inauditum</strong></span> <span class='ocrx_word' id='word_1_111' title='bbox 1250 2478 1353 2539; x_wconf 88' lang='lat' dir='ltr'><strong>est</strong></span> <span class='ocrx_word' id='word_1_112' title='bbox 1396 2473 1803 2559; x_wconf 87' lang='lat' dir='ltr'><strong>perpetrari:</strong></span> <span class='ocrx_word' id='word_1_113' title='bbox 1849 2472 2096 2538; x_wconf 88' lang='lat' dir='ltr'><strong>fabulis</strong></span> <span class='ocrx_word' id='word_1_114' title='bbox 2141 2474 2328 2539; x_wconf 85' lang='lat' dir='ltr'><strong>deest</strong></span> <span class='ocrx_word' id='word_1_115' title='bbox 2373 2474 2584 2540; x_wconf 91' lang='lat' dir='ltr'><strong>solum</strong></span> <span class='ocrx_word' id='word_1_116' title='bbox 2633 2480 2710 2539; x_wconf 93' lang='lat' dir='ltr'><strong>ut</strong></span> 
     </span>
     <span class='ocr_line' id='line_1_17' title="bbox 603 2574 2712 2691; baseline 0 -50"><span class='ocrx_word' id='word_1_117' title='bbox 603 2577 720 2662; x_wconf 92' lang='lat' dir='ltr'><strong>qui</strong></span> <span class='ocrx_word' id='word_1_118' title='bbox 788 2576 967 2642; x_wconf 87' lang='lat' dir='ltr'><strong>locus</strong></span> <span class='ocrx_word' id='word_1_119' title='bbox 1029 2579 1349 2691; x_wconf 85' lang='lat' dir='ltr'><strong>raptores,</strong></span> <span class='ocrx_word' id='word_1_120' title='bbox 1419 2574 1613 2655; x_wconf 85' lang='lat' dir='ltr'><strong>fures,</strong></span> <span class='ocrx_word' id='word_1_121' title='bbox 1676 2575 2057 2653; x_wconf 89' lang='lat' dir='ltr'><strong>homicidas,</strong></span> <span class='ocrx_word' id='word_1_122' title='bbox 2107 2580 2176 2641; x_wconf 86' lang='lat' dir='ltr'><strong>et</strong></span> <span class='ocrx_word' id='word_1_123' title='bbox 2220 2576 2712 2661; x_wconf 88' lang='lat' dir='ltr'><strong>quantumlibet</strong></span> 
     </span>
     <span class='ocr_line' id='line_1_18' title="bbox 604 2677 2712 2763; baseline -0 -19.983"><span class='ocrx_word' id='word_1_124' title='bbox 604 2678 950 2743; x_wconf 87' lang='lat' dir='ltr'><strong>sceleratos</strong></span> <span class='ocrx_word' id='word_1_125' title='bbox 1024 2678 1409 2743; x_wconf 86' lang='lat' dir='ltr'><strong>inconcussa</strong></span> <span class='ocrx_word' id='word_1_126' title='bbox 1483 2697 1643 2763; x_wconf 87' lang='lat' dir='ltr'><strong>pace</strong></span> <span class='ocrx_word' id='word_1_127' title='bbox 1716 2682 1964 2754; x_wconf 89' lang='lat' dir='ltr'><strong>tuetur,</strong></span> <span class='ocrx_word' id='word_1_128' title='bbox 2042 2677 2392 2741; x_wconf 86' lang='lat' dir='ltr'><strong>innoxium</strong></span> <span class='ocrx_word' id='word_1_129' title='bbox 2470 2678 2712 2759; x_wconf 89' lang='lat' dir='ltr'><strong>virum,</strong></span> 
     </span>
     <span class='ocr_line' id='line_1_19' title="bbox 603 2778 2713 2867; baseline 0 -22"><span class='ocrx_word' id='word_1_130' title='bbox 603 2781 857 2859; x_wconf 88' lang='lat' dir='ltr'><strong>mitem,</strong></span> <span class='ocrx_word' id='word_1_131' title='bbox 919 2779 1281 2866; x_wconf 89' lang='lat' dir='ltr'><strong>pacificum,</strong></span> <span class='ocrx_word' id='word_1_132' title='bbox 1329 2778 1614 2845; x_wconf 85' lang='lat' dir='ltr'><strong>ecclesiae</strong></span> <span class='ocrx_word' id='word_1_133' title='bbox 1660 2785 1998 2857; x_wconf 90' lang='lat' dir='ltr'><strong>rectorem,</strong></span> <span class='ocrx_word' id='word_1_134' title='bbox 2065 2780 2386 2865; x_wconf 82' lang='lat' dir='ltr'><strong>piaculari</strong></span> <span class='ocrx_word' id='word_1_135' title='bbox 2455 2780 2713 2867; x_wconf 90' lang='lat' dir='ltr'><strong>flagitio</strong></span> 
     </span>
     <span class='ocr_line' id='line_1_20' title="bbox 604 2880 2714 2970; baseline -0.001 -22"><span class='ocrx_word' id='word_1_136' title='bbox 604 2886 1044 2969; x_wconf 75' lang='lat' dir='ltr'><strong>repraesentet.</strong></span> <span class='ocrx_word' id='word_1_137' title='bbox 1136 2880 1502 2967; x_wconf 75' lang='lat' dir='ltr'><strong>Praesagiat</strong></span> <span class='ocrx_word' id='word_1_138' title='bbox 1560 2881 1978 2967; x_wconf 74' lang='lat' dir='ltr'><strong>praevisionis</strong></span> <span class='ocrx_word' id='word_1_139' title='bbox 2045 2888 2284 2948; x_wconf 81' lang='lat' dir='ltr'><strong>vestrae</strong></span> <span class='ocrx_word' id='word_1_140' title='bbox 2345 2904 2550 2970; x_wconf 87' lang='lat' dir='ltr'><strong>sagax</strong></span> <span class='ocrx_word' id='word_1_141' title='bbox 2613 2882 2714 2946; x_wconf 89' lang='lat' dir='ltr'><strong>in-</strong></span> 
     </span>
     <span class='ocr_line' id='line_1_21' title="bbox 606 2982 2716 3070; baseline 0 -23"><span class='ocrx_word' id='word_1_142' title='bbox 606 2984 798 3070; x_wconf 85' lang='lat' dir='ltr'><strong>dago,</strong></span> <span class='ocrx_word' id='word_1_143' title='bbox 842 2982 900 3048; x_wconf 88' lang='lat' dir='ltr'><strong>si</strong></span> <span class='ocrx_word' id='word_1_144' title='bbox 944 2988 1047 3049; x_wconf 86' lang='lat' dir='ltr'><strong>est</strong></span> <span class='ocrx_word' id='word_1_145' title='bbox 1090 2983 1292 3062; x_wconf 89' lang='lat' dir='ltr'><strong>dolor,</strong></span> <span class='ocrx_word' id='word_1_146' title='bbox 1338 2983 1511 3048; x_wconf 89' lang='lat' dir='ltr'><strong>sicut</strong></span> <span class='ocrx_word' id='word_1_147' title='bbox 1578 2983 1707 3060; x_wconf 89' lang='lat' dir='ltr'><strong>ille,</strong></span> <span class='ocrx_word' id='word_1_148' title='bbox 1752 3005 1949 3069; x_wconf 92' lang='lat' dir='ltr'><strong>quem</strong></span> <span class='ocrx_word' id='word_1_149' title='bbox 2021 2983 2163 3050; x_wconf 85' lang='lat' dir='ltr'><strong>haec</strong></span> <span class='ocrx_word' id='word_1_150' title='bbox 2223 2984 2464 3051; x_wconf 89' lang='lat' dir='ltr'><strong>furoris</strong></span> <span class='ocrx_word' id='word_1_151' title='bbox 2532 3006 2716 3050; x_wconf 90' lang='lat' dir='ltr'><strong>men-</strong></span> 
     </span>
     <span class='ocr_line' id='line_1_22' title="bbox 608 3084 2716 3171; baseline 0 -24"><span class='ocrx_word' id='word_1_152' title='bbox 608 3085 797 3150; x_wconf 86' lang='lat' dir='ltr'><strong>dacia</strong></span> <span class='ocrx_word' id='word_1_153' title='bbox 838 3085 1127 3149; x_wconf 89' lang='lat' dir='ltr'><strong>creditur</strong></span> <span class='ocrx_word' id='word_1_154' title='bbox 1186 3105 1326 3149; x_wconf 88' lang='lat' dir='ltr'><strong>esse</strong></span> <span class='ocrx_word' id='word_1_155' title='bbox 1390 3085 1705 3169; x_wconf 88' lang='lat' dir='ltr'><strong>paritura.</strong></span> <span class='ocrx_word' id='word_1_156' title='bbox 1799 3084 2060 3171; x_wconf 81' lang='lat' dir='ltr'><strong>Quippe</strong></span> <span class='ocrx_word' id='word_1_157' title='bbox 2125 3085 2183 3149; x_wconf 89' lang='lat' dir='ltr'><strong>si</strong></span> <span class='ocrx_word' id='word_1_158' title='bbox 2228 3085 2537 3150; x_wconf 91' lang='lat' dir='ltr'><strong>dominus</strong></span> <span class='ocrx_word' id='word_1_159' title='bbox 2596 3107 2716 3150; x_wconf 85' lang='lat' dir='ltr'><strong>rex</strong></span> 
     </span>
     <span class='ocr_line' id='line_1_23' title="bbox 608 3185 2716 3270; baseline -0.001 -16"><span class='ocrx_word' id='word_1_160' title='bbox 608 3187 823 3254; x_wconf 85' lang='lat' dir='ltr'><strong>senior</strong></span> <span class='ocrx_word' id='word_1_161' title='bbox 850 3185 1207 3252; x_wconf 82' lang='lat' dir='ltr'><strong>factionem</strong></span> <span class='ocrx_word' id='word_1_162' title='bbox 1252 3186 1424 3252; x_wconf 88' lang='lat' dir='ltr'><strong>hanc</strong></span> <span class='ocrx_word' id='word_1_163' title='bbox 1466 3185 1785 3251; x_wconf 81' lang='lat' dir='ltr'><strong>nefariam</strong></span> <span class='ocrx_word' id='word_1_164' title='bbox 1821 3207 1958 3262; x_wconf 89' lang='lat' dir='ltr'><strong>sua,</strong></span> <span class='ocrx_word' id='word_1_165' title='bbox 1991 3187 2166 3270; x_wconf 90' lang='lat' dir='ltr'><strong>quod</strong></span> <span class='ocrx_word' id='word_1_166' title='bbox 2212 3186 2394 3252; x_wconf 89' lang='lat' dir='ltr'><strong>Deus</strong></span> <span class='ocrx_word' id='word_1_167' title='bbox 2440 3191 2716 3263; x_wconf 84' lang='lat' dir='ltr'><strong>avertat,</strong></span> 
     </span>
     <span class='ocr_line' id='line_1_24' title="bbox 608 3287 2718 3374; baseline -0.001 -22"><span class='ocrx_word' id='word_1_168' title='bbox 608 3287 1079 3354; x_wconf 86' lang='lat' dir='ltr'><strong>ratihabitione</strong></span> <span class='ocrx_word' id='word_1_169' title='bbox 1147 3287 1523 3353; x_wconf 87' lang='lat' dir='ltr'><strong>confirmet:</strong></span> <span class='ocrx_word' id='word_1_170' title='bbox 1592 3308 1676 3372; x_wconf 87' lang='lat' dir='ltr'><strong>qu</strong></span> <span class='ocrx_word' id='word_1_171' title='bbox 1685 3289 1771 3352; x_wconf 89' lang='lat' dir='ltr'><strong>od</strong></span> <span class='ocrx_word' id='word_1_172' title='bbox 1819 3289 1992 3352; x_wconf 90' lang='lat' dir='ltr'><strong>enim</strong></span> <span class='ocrx_word' id='word_1_173' title='bbox 2041 3309 2126 3353; x_wconf 84' lang='lat' dir='ltr'><strong>ex</strong></span> <span class='ocrx_word' id='word_1_174' title='bbox 2196 3289 2510 3354; x_wconf 86' lang='lat' dir='ltr'><strong>mandato</strong></span> <span class='ocrx_word' id='word_1_175' title='bbox 2573 3288 2718 3374; x_wconf 88' lang='lat' dir='ltr'><strong>ejus</strong></span> 
     </span>
     <span class='ocr_line' id='line_1_25' title="bbox 611 3388 2714 3476; baseline -0.001 -22"><span class='ocrx_word' id='word_1_176' title='bbox 611 3389 737 3456; x_wconf 91' lang='lat' dir='ltr'><strong>hoc</strong></span> <span class='ocrx_word' id='word_1_177' title='bbox 800 3389 1242 3456; x_wconf 89' lang='lat' dir='ltr'><strong>facinorosum</strong></span> <span class='ocrx_word' id='word_1_178' title='bbox 1303 3410 1467 3476; x_wconf 89' lang='lat' dir='ltr'><strong>opus</strong></span> <span class='ocrx_word' id='word_1_179' title='bbox 1538 3388 1944 3474; x_wconf 89' lang='lat' dir='ltr'><strong>processerit,</strong></span> <span class='ocrx_word' id='word_1_180' title='bbox 2012 3389 2199 3454; x_wconf 88' lang='lat' dir='ltr'><strong>nefas</strong></span> <span class='ocrx_word' id='word_1_181' title='bbox 2269 3395 2370 3455; x_wconf 91' lang='lat' dir='ltr'><strong>est</strong></span> <span class='ocrx_word' id='word_1_182' title='bbox 2443 3390 2714 3476; x_wconf 90' lang='lat' dir='ltr'><strong>opinari.</strong></span> 
     </span>
     <span class='ocr_line' id='line_1_26' title="bbox 610 3489 2720 3576; baseline -0.002 -18"><span class='ocrx_word' id='word_1_183' title='bbox 610 3491 1087 3558; x_wconf 85' lang='lat' dir='ltr'><strong>Verumtamen</strong></span> <span class='ocrx_word' id='word_1_184' title='bbox 1160 3489 1549 3556; x_wconf 86' lang='lat' dir='ltr'><strong>ratihabitio</strong></span> <span class='ocrx_word' id='word_1_185' title='bbox 1612 3494 2032 3576; x_wconf 90' lang='lat' dir='ltr'><strong>comparatur</strong></span> <span class='ocrx_word' id='word_1_186' title='bbox 2105 3493 2434 3569; x_wconf 67' lang='lat' dir='ltr'><strong>mandam,</strong></span> <span class='ocrx_word' id='word_1_187' title='bbox 2511 3492 2720 3557; x_wconf 89' lang='lat' dir='ltr'><strong>totius</strong></span> 
     </span>
     <span class='ocr_line' id='line_1_27' title="bbox 613 3592 2720 3680; baseline -0.002 -21"><span class='ocrx_word' id='word_1_188' title='bbox 613 3594 1004 3680; x_wconf 83' lang='lat' dir='ltr'><strong>Anglicanae</strong></span> <span class='ocrx_word' id='word_1_189' title='bbox 1048 3593 1333 3680; x_wconf 82' lang='lat' dir='ltr'><strong>regionis</strong></span> <span class='ocrx_word' id='word_1_190' title='bbox 1378 3592 1775 3656; x_wconf 82' lang='lat' dir='ltr'><strong>universitas</strong></span> <span class='ocrx_word' id='word_1_191' title='bbox 1805 3593 2114 3657; x_wconf 84' lang='lat' dir='ltr'><strong>alterutri</strong></span> <span class='ocrx_word' id='word_1_192' title='bbox 2146 3592 2425 3658; x_wconf 89' lang='lat' dir='ltr'><strong>duorum</strong></span> <span class='ocrx_word' id='word_1_193' title='bbox 2469 3594 2720 3658; x_wconf 90' lang='lat' dir='ltr'><strong>incom-</strong></span> 
     </span>
     <span class='ocr_line' id='line_1_28' title="bbox 611 3693 2720 3760; baseline -0 -1"><span class='ocrx_word' id='word_1_194' title='bbox 611 3695 953 3760; x_wconf 89' lang='lat' dir='ltr'><strong>modorum</strong></span> <span class='ocrx_word' id='word_1_195' title='bbox 1014 3695 1401 3760; x_wconf 83' lang='lat' dir='ltr'><strong>necessitate</strong></span> <span class='ocrx_word' id='word_1_196' title='bbox 1448 3694 1864 3759; x_wconf 86' lang='lat' dir='ltr'><strong>succumbet:</strong></span> <span class='ocrx_word' id='word_1_197' title='bbox 1931 3698 2053 3758; x_wconf 85' lang='lat' dir='ltr'><strong>aut</strong></span> <span class='ocrx_word' id='word_1_198' title='bbox 2098 3695 2274 3758; x_wconf 91' lang='lat' dir='ltr'><strong>enim</strong></span> <span class='ocrx_word' id='word_1_199' title='bbox 2334 3693 2720 3759; x_wconf 79' lang='lat' dir='ltr'><strong>miserandae</strong></span> 
     </span>
     <span class='ocr_line' id='line_1_29' title="bbox 615 3793 2723 3880; baseline -0.001 -20"><span class='ocrx_word' id='word_1_200' title='bbox 615 3796 857 3861; x_wconf 88' lang='lat' dir='ltr'><strong>mentis</strong></span> <span class='ocrx_word' id='word_1_201' title='bbox 924 3795 1371 3862; x_wconf 83' lang='lat' dir='ltr'><strong>excaecatione</strong></span> <span class='ocrx_word' id='word_1_202' title='bbox 1439 3793 1611 3858; x_wconf 90' lang='lat' dir='ltr'><strong>sedis</strong></span> <span class='ocrx_word' id='word_1_203' title='bbox 1686 3793 2065 3879; x_wconf 70' lang='lat' dir='ltr'><strong>apostolicae</strong></span> <span class='ocrx_word' id='word_1_204' title='bbox 2141 3795 2560 3880; x_wconf 87' lang='lat' dir='ltr'><strong>disciplinam</strong></span> <span class='ocrx_word' id='word_1_205' title='bbox 2653 3797 2723 3860; x_wconf 91' lang='lat' dir='ltr'><strong>et</strong></span> 
     </span>
     <span class='ocr_line' id='line_1_30' title="bbox 616 3894 2723 3982; baseline -0.002 -20"><span class='ocrx_word' id='word_1_206' title='bbox 616 3897 1037 3962; x_wconf 85' lang='lat' dir='ltr'><strong>devotionem</strong></span> <span class='ocrx_word' id='word_1_207' title='bbox 1101 3900 1173 3960; x_wconf 93' lang='lat' dir='ltr'><strong>et</strong></span> <span class='ocrx_word' id='word_1_208' title='bbox 1241 3895 1691 3961; x_wconf 83' lang='lat' dir='ltr'><strong>obedientiam</strong></span> <span class='ocrx_word' id='word_1_209' title='bbox 1758 3894 2118 3981; x_wconf 86' lang='lat' dir='ltr'><strong>abjurabit,</strong></span> <span class='ocrx_word' id='word_1_210' title='bbox 2163 3900 2285 3961; x_wconf 90' lang='lat' dir='ltr'><strong>aut</strong></span> <span class='ocrx_word' id='word_1_211' title='bbox 2360 3895 2723 3982; x_wconf 84' lang='lat' dir='ltr'><strong>irregressi-</strong></span> 
     </span>
     <span class='ocr_line' id='line_1_31' title="bbox 617 3996 2722 4084; baseline -0.001 -20"><span class='ocrx_word' id='word_1_212' title='bbox 617 3999 842 4064; x_wconf 89' lang='lat' dir='ltr'><strong>biliter</strong></span> <span class='ocrx_word' id='word_1_213' title='bbox 886 3998 1375 4084; x_wconf 87' lang='lat' dir='ltr'><strong>dispensatione</strong></span> <span class='ocrx_word' id='word_1_214' title='bbox 1444 4003 1709 4062; x_wconf 89' lang='lat' dir='ltr'><strong>tantum</strong></span> <span class='ocrx_word' id='word_1_215' title='bbox 1779 3996 2098 4063; x_wconf 84' lang='lat' dir='ltr'><strong>exulabit.</strong></span> <span class='ocrx_word' id='word_1_216' title='bbox 2191 3999 2416 4084; x_wconf 89' lang='lat' dir='ltr'><strong>Longe</strong></span> <span class='ocrx_word' id='word_1_217' title='bbox 2479 3999 2722 4064; x_wconf 86' lang='lat' dir='ltr'><strong>etenim</strong></span> 
     </span>
     <span class='ocr_line' id='line_1_32' title="bbox 617 4099 2725 4186; baseline -0.001 -20"><span class='ocrx_word' id='word_1_218' title='bbox 617 4102 839 4166; x_wconf 89' lang='lat' dir='ltr'><strong>minus</strong></span> <span class='ocrx_word' id='word_1_219' title='bbox 902 4100 1155 4165; x_wconf 91' lang='lat' dir='ltr'><strong>malum</strong></span> <span class='ocrx_word' id='word_1_220' title='bbox 1222 4105 1324 4165; x_wconf 90' lang='lat' dir='ltr'><strong>est</strong></span> <span class='ocrx_word' id='word_1_221' title='bbox 1396 4100 1896 4186; x_wconf 87' lang='lat' dir='ltr'><strong>proscriptionis</strong></span> <span class='ocrx_word' id='word_1_222' title='bbox 1965 4099 2418 4167; x_wconf 90' lang='lat' dir='ltr'><strong>incommodo</strong></span> <span class='ocrx_word' id='word_1_223' title='bbox 2440 4106 2508 4165; x_wconf 93' lang='lat' dir='ltr'><strong>et</strong></span> <span class='ocrx_word' id='word_1_224' title='bbox 2572 4101 2725 4165; x_wconf 90' lang='lat' dir='ltr'><strong>sub-</strong></span> 
     </span>
     <span class='ocr_line' id='line_1_33' title="bbox 622 4201 2726 4302; baseline -0.002 -32"><span class='ocrx_word' id='word_1_225' title='bbox 622 4203 890 4270; x_wconf 83' lang='lat' dir='ltr'><strong>stantiae</strong></span> <span class='ocrx_word' id='word_1_226' title='bbox 935 4203 1143 4268; x_wconf 90' lang='lat' dir='ltr'><strong>totius</strong></span> <span class='ocrx_word' id='word_1_227' title='bbox 1202 4205 1597 4288; x_wconf 86' lang='lat' dir='ltr'><strong>tempestate</strong></span> <span class='ocrx_word' id='word_1_228' title='bbox 1642 4201 1932 4279; x_wconf 88' lang='lat' dir='ltr'><strong>multari,</strong></span> <span class='ocrx_word' id='word_1_229' title='bbox 1980 4223 2180 4287; x_wconf 86' lang='lat' dir='ltr'><strong>quam</strong></span> <span class='ocrx_word' id='word_1_230' title='bbox 2231 4206 2386 4288; x_wconf 91' lang='lat' dir='ltr'><strong>post</strong></span> <span class='ocrx_word' id='word_1_231' title='bbox 2428 4201 2726 4302; x_wconf 86' lang='lat' dir='ltr'><strong>agnitam</strong></span> 
     </span>
     <span class='ocr_line' id='line_1_34' title="bbox 621 4302 1962 4390; baseline -0.002 -20"><span class='ocrx_word' id='word_1_232' title='bbox 621 4305 975 4370; x_wconf 85' lang='lat' dir='ltr'><strong>veritatem</strong></span> <span class='ocrx_word' id='word_1_233' title='bbox 1022 4303 1458 4390; x_wconf 77' lang='lat' dir='ltr'><strong>ignominiose</strong></span> <span class='ocrx_word' id='word_1_234' title='bbox 1502 4302 1962 4390; x_wconf 83' lang='lat' dir='ltr'><strong>retrogradari.</strong></span> 
     </span>
    </p>
   </div>
   <div class='ocr_carea' id='block_1_3' title="bbox 1308 4479 2046 4546">
    <p class='ocr_par' dir='ltr' id='par_1_3' title="bbox 1308 4479 2046 4546">
     <span class='ocr_line' id='line_1_35' title="bbox 1308 4479 2046 4546; baseline -0.004 -15.773"><span class='ocrx_word' id='word_1_235' title='bbox 1308 4480 1625 4546; x_wconf 74' lang='lat' dir='ltr'><strong>¹amputato</strong></span> <span class='ocrx_word' id='word_1_236' title='bbox 1661 4515 1675 4529; x_wconf 93' lang='lat'><strong><em>.</em></strong></span> <span class='ocrx_word' id='word_1_237' title='bbox 1710 4515 1723 4532; x_wconf 87' lang='lat'><strong><em>.</em></strong></span> <span class='ocrx_word' id='word_1_238' title='bbox 1762 4515 1774 4529; x_wconf 92' lang='lat'>.</span> <span class='ocrx_word' id='word_1_239' title='bbox 1809 4479 1998 4528; x_wconf 78' lang='lat' dir='ltr'><strong>vertice</strong></span> <span class='ocrx_word' id='word_1_240' title='bbox 2021 4485 2046 4527; x_wconf 75' lang='lat'><strong>1²</strong></span> 
     </span>
    </p>
   </div>
  </div>
 </body>
</html>
