3634 5800
846 871 977 937 202
1718 885 2092 938 ansrom.
2565 876 2730 960 [an.
2763 877 2958 946 1170.

851 1073 1455 1142 excommunicatos
1484 1074 1704 1153 vitari,
1736 1075 1943 1142 donec
1971 1074 2197 1142 ablata
2241 1077 2620 1154 restituant,
2651 1078 2964 1165 injuriam

853 1176 1065 1262 passis
1126 1197 1413 1264 congrue
1430 1173 1455 1214 ²
1520 1176 1957 1256 satisfaciant,
2017 1183 2090 1244 et
2161 1177 2249 1243 ad
2307 1198 2430 1244 nos
2495 1199 2648 1246 cum
2723 1179 2964 1246 vestris

856 1277 1101 1343 litteris
1170 1278 1584 1346 satisfacturi
1628 1278 1964 1345 accedant.
2056 1277 2237 1344 Illud
2298 1299 2558 1366 quoque
2601 1282 2742 1367 regi
2811 1281 2963 1346 dili-

518 1380 733 1496 Grgtian
778 1433 791 1444 .
850 1379 1119 1468 gentius
1164 1380 1513 1458 intimetis,
1558 1381 1735 1466 quod
1771 1381 1916 1467 jam
1945 1379 2164 1446 dictus
2211 1381 2571 1448 Gratianus
2599 1403 2738 1449 non
2780 1383 2963 1450 aliud

512 1461 717 1564 ῗῗῑῆω,
855 1503 1056 1569 quam
1123 1481 1299 1561 fecit,
1363 1483 1547 1549 salvo
1622 1483 1940 1549 mandato
2012 1485 2256 1561 nostro,
2333 1484 2548 1550 facere
2619 1485 2962 1572 potuisset.

871 1583 1064 1664 Quod
1110 1585 1169 1650 si
1234 1589 1648 1664 attentasset,
1696 1605 1815 1650 nos
1859 1584 1933 1648 id
1979 1584 2208 1670 procul
2269 1585 2472 1651 dubio
2533 1586 2962 1653 irritaremus.

870 1686 944 1754 Si
990 1687 1141 1770 quis
1185 1691 1411 1752 autem
1458 1686 1636 1771 quod
1676 1687 1820 1772 ipse
1865 1685 1976 1752 vel
2019 1687 2162 1772 ejus
2205 1687 2421 1753 socius
2465 1686 2647 1753 aliud
2670 1685 2696 1726 ²
2729 1709 2958 1755 secun·

870 1789 1030 1856 dum
1094 1787 1483 1855 mandatum
1550 1792 1852 1853 nostrum
1916 1789 2242 1873 potuisset
2305 1788 2551 1867 fecisse,
2618 1789 2758 1876 regi
2805 1809 2960 1876 pro-

856 1889 1126 1977 posuit,³
1212 1891 1276 1958 ei
1298 1889 1325 1928 ⁴
1412 1909 1644 1956 verum
1756 1910 2174 1977 nequaquam
2271 1891 2616 1978 suggessit.
2707 1891 2956 1958 Datum

856 1992 1233 2060 Beneventi
1278 1992 1535 2100 decimo
1575 1997 1815 2078 quarto
1859 1991 2183 2059 kalendas
2227 1992 2587 2060 Februarii.

1712 2407 2086 2473 DCXXIV.

939 2553 1385 2622 ALEXANDEB
1427 2557 1617 2622 PAPA
1662 2557 2000 2622 Romono
2044 2557 2600 2624 Rornomcmzffl
2645 2570 2889 2625 Anem-

1716 2675 2058 2726 snscoPO.

1179 2809 1275 2873 (A.
1299 2813 1365 2860 48
1385 2831 1400 2870 ς
1422 2809 1487 2862 Ο.
1508 2808 1559 2861 ii.
1582 2815 1683 2872 423
1718 2811 1776 2861 Z.
1800 2825 1850 2859 v.
1873 2815 1904 2858 2
1925 2831 1942 2872 3
1975 2809 2105 2874 Lup.
2123 2825 2171 2861 V.
2195 2814 2258 2873 23
2293 2810 2634 2874 'rhem-252.)

506 2942 587 2993 On
612 2942 695 3020 ¹²5⁸
954 2936 1285 3018 Quoniam
1356 2936 1437 3003 de
1511 2958 1790 3023 persona
1857 2942 1993 3015 tua,
2036 2958 2174 3023 prae
2239 2938 2494 3005 caeteris
2559 2940 2956 3026 coepiscopis

504 3016 737 3125 ζᾞζᾛ
856 3040 992 3106 tuis
1038 3042 1109 3105 et
1150 3039 1302 3106 aliis
1362 3041 1658 3126 personis
1703 3040 2156 3107 ecclesiasticis
2201 3062 2349 3126 quae
2408 3040 2482 3105 in
2547 3045 2727 3107 terra
2772 3042 2958 3109 illus-

505 3139 737 3218 cpmmis-
844 3143 969 3208 tris
1056 3141 1425 3229 Anglorum
1489 3142 1662 3228 regis
1736 3141 2126 3220 consistunt,
2190 3142 2538 3228 specialem
2561 3142 2587 3181 ⁶
2645 3144 2956 3212 fiduciam

504 3220 684 3259 monet.
853 3244 1267 3323 obtinemus3
1314 3248 1383 3309 et
1448 3248 1516 3309 te
1577 3242 1768 3309 nobis
1814 3247 1882 3307 et
1930 3242 2237 3309 Ecclesiae
2281 3242 2597 3308 Romanae
2657 3244 2958 3311 sinceris-

850 3346 1019 3412 sima
1090 3346 1401 3423 novimus
1418 3343 1445 3383 ⁰
1509 3344 1861 3411 devotione
1934 3343 2345 3422 adstrictum,
2411 3344 2538 3409 tibi
2612 3348 2955 3432 negotium

858 3446 1256 3515 venerabilis
1316 3446 1545 3512 fratris
1611 3446 1822 3512 nostri
1867 3444 2138 3511 Thomae
2185 3444 2682 3512 cantuariensis
2745 3449 2956 3513 archi-

875 3549 1180 3636 episcopi,
1242 3549 1325 3613 de
1388 3568 1547 3634 pace
1594 3553 1662 3613 et
1720 3547 2252 3614 reconciliatione
2295 3568 2433 3629 sua,
2511 3549 2956 3616 commisimus

856 3650 1362 3737 exsequendum.
1458 3648 1624 3715 Inde
1699 3648 2027 3735 siquidem
2103 3654 2217 3729 est,
2295 3650 2471 3736 quod
2545 3649 2954 3719 fraternitati

847 3757 985 3819 tuae
1059 3773 1177 3840 per
1248 3751 1610 3839 apostolica
1682 3752 1932 3837 scripta
2018 3752 2459 3839 praecipiendo
2547 3754 2953 3832 mandamus,

855 3876 1109 3923 necnon
1128 3852 1154 3889 ⁷
1221 3859 1292 3920 et
1358 3855 1431 3919 in
1474 3854 1728 3919 virtute
1796 3852 2192 3921 obedientiae
2255 3854 2682 3942 injungimuS,
2727 3860 2957 3942 quate-

838 3979 967 4022 nus
989 3954 1015 3995 ⁸
1060 3957 1135 4021 in
1178 3956 1561 4043 praescripto
1605 3954 1874 4042 negotio
1917 3953 2061 4021 ita⁹
2119 3960 2187 4038 te
2233 3960 2644 4023 constantem
2691 3962 2761 4023 et
2805 3958 2954 4023 dili-

852 4063 1136 4145 gentem,
1182 4058 1366 4124 omni
1408 4058 1643 4124 timore
1708 4061 1777 4123 et
1824 4057 2242 4124 dubitatione
2308 4063 2577 4135 remota,
2625 4058 2954 4138 exhibeas

858 4159 1035 4245 quod
1080 4158 1397 4245 praefatus
1449 4181 1568 4225 rex
1635 4158 2080 4246 pontificalem
2127 4159 2200 4223 in
2251 4163 2320 4223 te
2364 4158 2820 4225 maturitatem
2887 4166 2954 4225 et

906 4387 924 4419 ¹
960 4387 1211 4451 condique,
1253 4389 1310 4449 Z,
1350 4386 1473 4437 with
1508 4401 1725 4451 congrue
1764 4388 1844 4437 in·
2015 4386 2036 4417 ⁵
2071 4386 2406 4453 spiritualem,
2433 4387 2512 4449 03
2549 4394 2698 4440 corr?
2715 4396 2768 4439 to
2801 4389 2958 4456 speci-

831 4469 947 4519 terl.
1942 4464 2085 4529 alem,
2109 4466 2179 4516 A.

2009 4543 2030 4575 ⁶
2068 4544 2378 4607 novissimus,
2401 4544 2469 4594 V.

2012 4622 2032 4661 ⁷
2068 4639 2272 4686 necnon,
2294 4638 2393 4675 om.
2421 4626 2477 4675 Z.

907 4676 929 4710 ³
958 4677 1317 4743 proposuisset,
1342 4676 1402 4727 L.
2009 4702 2032 4736 ε
2066 4702 2216 4767 quod,
2243 4702 2306 4753 Ο.

902 4785 924 4817 ⁴
958 4785 1023 4847 ei,
1046 4784 1119 4848 A,
1139 4783 1219 4844 03
1253 4798 1353 4835 om.
1378 4784 1439 4833 L.
2009 4780 2032 4813 ⁹
2065 4784 2158 4845 ita,
2181 4796 2282 4833 om.
2305 4781 2373 4831 A.

908 4572 930 4604 ²
964 4588 1129 4635 quam,
1152 4570 1245 4622 ins.
1270 4572 1350 4633 L3
1387 4586 1485 4623 om.
1510 4573 1579 4634 A,
1605 4570 1669 4633 O,
1694 4572 1750 4621 Z.
