3634 5800
458 1728 571 1779 The
593 1728 719 1794 king

462 1797 645 1843 unable
668 1806 722 1845 to

460 1862 589 1924 keep
612 1862 691 1910 his

458 1930 692 1991 appoint-

460 2003 595 2044 ment
618 2001 671 2043 at

462 2062 659 2112 Rouen.

457 2559 597 2608 John
624 2558 685 2607 of

458 2624 659 2673 Oxford

458 2697 570 2740 sent
592 2698 646 2740 to

457 2764 622 2807 escort
646 2756 733 2807 the

456 2824 602 2872 areh-

458 2890 651 2954 bishop.

805 842 938 905 400
1688 858 2043 908 Eme-ronne.
2529 849 2688 933 [An.
2725 852 2918 919 1170.

1650 1190 2058 1260 DCOXXII.

823 1344 1097 1409 THoMAE
1144 1343 1671 1409 OANTUARIENSI
1718 1360 2261 1411 Ancmnrlscoro
2311 1344 2690 1414 HENRICUS
2737 1364 2880 1413 13:⁴21

1702 1448 2014 1511 ANGLIAE.

967 1596 1061 1659 (A.
1090 1600 1184 1657 74;
1225 1596 1285 1648 O.
1309 1594 1361 1647 ii.
1390 1602 1483 1658 683
1520 1596 1576 1647 Z.
1602 1612 1652 1648 v,
1677 1600 1741 1647 45
1764 1619 1778 1659 ς
1814 1598 1946 1662 Lup.
1971 1616 2020 1649 v.
2044 1602 2141 1662 453
2177 1596 2364 1657 Thom.
2391 1598 2456 1651 G.
2477 1598 2589 1650 Fol.
2614 1603 2758 1663 498.)

888 1728 1128 1794 Sciatis
1173 1729 1351 1813 quod
1396 1729 1659 1794 obviam
1708 1727 1898 1793 vobis
1944 1728 2435 1815 Rothomagum
2481 1729 2710 1795 venire
2771 1751 2906 1795 non

796 1831 985 1917 potui
1030 1831 1117 1895 ad
1163 1832 1519 1895 terminum
1582 1852 1777 1916 quem
1840 1830 2185 1917 praelocuti
2232 1830 2478 1896 fuimus
2532 1831 2706 1897 inter
2767 1854 2908 1911 noe,

796 1935 954 2019 quia
1000 1934 1441 2019 significatum
1488 1933 1655 1997 mihi
1718 1933 1872 2009 fuit,
1921 1932 2008 1998 ab
2072 1932 2300 1998 amicis
2365 1934 2527 1998 meis
2591 1932 2906 2011 Franche,

795 2056 1015 2118 regem
1061 2036 1461 2102 Francorum
1530 2056 1899 2121 praeparare
1945 2058 2014 2101 se
2061 2036 2145 2101 ad
2193 2036 2483 2100 eundum
2550 2036 2624 2099 in
2670 2037 2904 2102 Alver-

796 2138 975 2203 niam
1022 2159 1219 2224 super
1275 2136 1577 2202 homines
1638 2140 1865 2215 meos}
1935 2137 2022 2203 ad
2068 2138 2241 2202 male
2295 2137 2672 2203 faciendum
2741 2138 2904 2223 ipsis

794 2246 864 2305 et
930 2244 1123 2305 terrae
1189 2260 1371 2305 meae.
1463 2238 1604 2325 Ipsi
1666 2244 1890 2305 autem
1957 2238 2258 2306 homines
2322 2240 2660 2305 Alverniae
2725 2240 2902 2305 idem

794 2341 960 2405 mihi
1036 2342 1597 2427 significaverunt,
1686 2346 1994 2427 rogantes
2087 2347 2167 2406 ut
2255 2342 2350 2407 eis
2441 2361 2900 2408 succurrerem.

798 2442 1233 2529 Quapropter,
1266 2443 1351 2508 ad
1397 2442 1751 2508 terminum
1787 2463 1985 2529 quem
2003 2444 2377 2509 'statuimus
2422 2443 2600 2507 inter
2643 2465 2784 2524 noe,
2813 2444 2898 2510 ad

795 2566 913 2611 vos
959 2545 1450 2633 Rothomagum
1496 2546 1725 2611 venire
1778 2567 1916 2611 non
1960 2546 2172 2633 potui.
2269 2545 2403 2611 Sed
2463 2546 2661 2611 mitto
2707 2545 2898 2611 vobis

793 2645 838 2710 J
840 2668 1120 2713 oannem
1166 2647 1487 2713 decanum
1520 2646 2124 2727 Saresberiensem,²
2165 2648 2557 2713 familiarem
2588 2648 2896 2713 clericum

793 2771 1031 2828 meum,
1077 2749 1416 2816 vobiscum
1462 2750 1537 2815 in
1581 2752 1894 2838 Angliam
1958 2751 2229 2828 iturum,
2273 2772 2392 2838 per
2437 2772 2631 2838 quem
2695 2748 2900 2837 signi-

792 2852 916 2918 fico
963 2852 1253 2921 Henrico
1318 2851 1461 2939 regi
1504 2851 1890 2940 Anglorum,
1936 2852 2074 2918 filio
2121 2874 2286 2933 mee,
2335 2856 2415 2918 ut
2458 2852 2642 2930 bene,
2690 2856 2760 2918 et
2825 2852 2900 2917 in

794 2979 970 3043 pace,
1035 2962 1105 3021 et
1149 2955 1507 3021 honorifice
1583 2956 1886 3022 habeatis
1949 2977 2173 3021 omnes
2237 2977 2338 3021 res
2414 2962 2707 3036 vestram
2782 2956 2896 3042 qui

792 3060 993 3125 etiam
1042 3059 1374 3133 emendari
1419 3055 1669 3138 faciet,³
1712 3059 1932 3144 siquid
1978 3059 2198 3123 minus
2242 3064 2465 3124 actum
2532 3063 2634 3123 est
2697 3079 2896 3143 quam

790 3161 1159 3248 oportuerit
1202 3161 1283 3226 de
1347 3159 1453 3225 his
1516 3182 1665 3246 quae
1716 3161 1804 3225 ad
1851 3180 1968 3224 vos
2015 3165 2332 3246 spectant.
2425 3157 2516 3223 Et
2583 3159 2895 3244 quoniam

789 3263 954 3328 mihi
1024 3269 1093 3328 et
1168 3263 1306 3327 filio
1368 3284 1514 3328 meo
1582 3262 1775 3348 plura
1841 3261 2222 3326 referuntur
2284 3261 2364 3325 de
2433 3280 2615 3324 mora
2675 3267 2896 3326 vestra

790 3386 987 3450 quam
1033 3364 1270 3442 facitis,
1324 3386 1475 3450 quae
1538 3362 1817 3428 forsitan
1886 3383 2045 3428 vera
2110 3382 2245 3426 non
2309 3365 2488 3440 sunt,
2534 3361 2722 3427 vobis
2789 3362 2895 3447 (ut

791 3467 1010 3552 credo)
1058 3467 1419 3552 expediret,
1464 3487 1547 3530 ne
1594 3465 1691 3530 ire
1737 3465 1811 3529 in
1855 3464 2170 3551 Angliam
2219 3463 2476 3528 diutius
2523 3463 2890 3529 differretis,

789 3567 982 3632 Teste
1028 3588 1180 3653 rege
1225 3565 1369 3653 ipso
1415 3566 1593 3653 apud
1641 3564 1942 3631 Lechaei.⁴

854 3796 871 3828 ¹
906 3803 969 3856 et,
992 3794 1086 3846 ins.
1110 3797 1171 3845 L.
1951 3791 1972 3823 ⁴
2013 3791 2232 3852 Lochas,
2265 3793 2335 3852 23
2382 3791 2630 3854 Lokchas,
2667 3793 2752 3854 ις
2787 3793 2894 3842 Lo-

852 3875 874 3906 2
913 3874 1222 3934 Saresberic,
1248 3875 1304 3925 Z.
1884 3873 1994 3931 leae,
2019 3871 2138 3921 with
2175 3869 2234 3919 ela
2270 3870 2466 3922 written
2501 3886 2626 3921 ovet
2645 3871 2675 3920 Ιι
2699 3887 2756 3920 as
2779 3887 2889 3922 cor·

851 3955 872 3986 ³
895 3952 1085 4015 saciet,
1107 3953 1175 4012 A,
1202 3951 1247 4003 O
1268 3974 1281 4014 ς
1301 3953 1498 4016 saciat,
1520 3953 1573 4012 Z,
1598 3952 1658 4002 L.
1883 3949 2098 4009 rectiori,
2122 3949 2189 3999 V.
