3634 5800
608 860 739 912 Aa).
776 848 999 933 1171.]
1484 862 1844 912 EPISTOLAE.
2591 846 2722 913 473

613 1048 842 1129 postea
893 1065 1111 1109 coram
1180 1044 1443 1108 domino
1512 1064 1683 1129 papa
1752 1047 1824 1107 et
1890 1042 2196 1107 omnibus
2259 1043 2717 1119 cardinalibus»,
2746 1058 2978 1123 Maundy

612 1146 1163 1211 contendentibus
1214 1146 1417 1210 etiam
1463 1151 1695 1211 contra
1714 1144 1737 1183 ¹
1783 1166 1906 1209 nos
1949 1144 2334 1209 Alexandro
2387 1144 2676 1209 Walensi
2695 1142 2720 1181 2
2745 1126 3026 1241 ἓξὲξ-δ”

612 1254 683 1311 et
712 1247 1033 1312 Gunterio
1066 1244 1501 1323 Flandrensi,³
1531 1247 1779 1311 clericis
1811 1244 2322 1311 CantuariensiS.
2417 1246 2720 1311 Instante

612 1370 769 1412 vero
787 1348 813 1385 ⁴
856 1349 1095 1434 quinta
1138 1349 1303 1413 feria
1362 1354 1520 1413 ante
1590 1346 1862 1424 Pascha,
1908 1348 1980 1411 in
2027 1369 2176 1431 qua,
2224 1348 2304 1411 de
2370 1352 2716 1412 consuetu-

612 1449 767 1514 dine
829 1450 1145 1514 Romanae
1209 1449 1517 1525 ecclesiae,
1578 1448 1747 1513 solet
1793 1448 2102 1535 dominus
2175 1468 2350 1533 papa
2412 1448 2674 1532 publice
2693 1448 2718 1485 ⁵

611 1550 947 1615 absolvere
993 1551 1101 1615 vel
1147 1550 1405 1636 publice
1468 1551 2050 1627 excommunicare,
2098 1572 2244 1615 cum
2293 1551 2454 1615 certi
2478 1548 2504 1585 ⁶
2550 1570 2720 1613 esse-

612 1675 759 1717 mus
803 1654 979 1738 quod
1024 1654 1105 1717 de
1150 1659 1371 1718 vestro
1440 1658 1509 1717 et
1571 1652 1759 1739 regni
1831 1652 2036 1716 vestri
2101 1650 2506 1738 gravamine,
2569 1658 2717 1715 tan-

613 1777 812 1839 quam
858 1756 943 1819 ad
989 1756 1113 1819 hoc
1157 1756 1365 1842 proni,
1412 1755 1781 1819 diutissime
1813 1760 2222 1831 tractassent,
2272 1755 2720 1820 consuluimus

612 1877 723 1921 eos
768 1878 931 1941 quos
993 1857 1328 1941 majestati
1373 1861 1612 1921 vestrae
1672 1856 1997 1919 fideliores
2016 1854 2040 1896 ⁷
2084 1856 2530 1941 cognovimus,
2595 1858 2720 1921 sci-

610 1958 784 2035 licet,
816 1959 1157 2023 dominum
1204 1959 1653 2034 Portuensem,
1684 1958 2026 2022 dominum
2057 1958 2478 2036 Jacinotum?
2509 1960 2718 2023 domi-

610 2082 772 2123 num
820 2060 1227 2145 Papiensem,
1273 2060 1615 2125 dominum
1676 2060 2140 2137 Tusculanum,
2188 2060 2525 2123 dominum
2598 2060 2718 2125 Pe-

613 2167 791 2225 trum
839 2162 919 2225 de
968 2162 1165 2226 Mizio
1183 2160 1209 2199 ⁰
1234 2160 1568 2245 (dominus
1610 2160 1904 2225 «Ioannes
1952 2160 2434 2247 Neapolitanus
2463 2163 2721 2247 aberat)

612 2284 761 2326 cum
809 2263 987 2326 omni
1034 2263 1257 2327 studio
1302 2268 1371 2327 et
1415 2262 1745 2325 instantia
1788 2267 2154 2337 exoranteS‚
2203 2267 2280 2325 ut
2325 2262 2514 2327 nobis
2579 2264 2720 2327 ani-

612 2384 794 2425 mum
842 2362 1092 2427 domini
1139 2384 1345 2448 papae,
1379 2367 1446 2426 et
1493 2362 1667 2446 quod
1714 2362 1888 2426 circa
1931 2384 2050 2426 vos
2069 2360 2118 2400 ¹⁰
2155 2369 2444 2427 statuere
2489 2386 2723 2449 propo-

612 2468 815 2539 neret,
878 2464 1235 2548 aperirent.
1350 2462 1521 2547 Ipsis
1584 2484 1741 2527 vero
1808 2463 1982 2527 nihil
2047 2462 2178 2527 nisi
2245 2464 2587 2528 sinistrum
2657 2470 2726 2529 et

612 2571 855 2630 vestae
900 2565 1277 2630 celsitudini
1323 2564 1838 2651 ignominiosum
1900 2566 2412 2650 reportantibUS,
2457 2589 2542 2630 ex
2588 2567 2724 2631 sin-

612 2666 919 2752 gultuosa
950 2688 1173 2731 eorum
1220 2671 1291 2730 et
1332 2665 1556 2730 fratris
1586 2666 1843 2742 Franci,
1889 2667 2102 2731 fidelis
2133 2668 2356 2743 vestri,
2401 2668 2720 2732 relatione

612 2769 1089 2853 praesensimus,
1136 2768 1309 2853 quod
1376 2788 1453 2831 ea
1471 2766 1519 2804 ¹¹
1566 2768 1671 2831 die
1740 2768 2246 2833 immutabiliter
2309 2770 2719 2855 disposuerat
2743 2789 2994 2839 luten-dict

614 2869 918 2935 dominus
962 2890 1137 2954 papa
1182 2869 1253 2932 in
1298 2888 1416 2934 vos
1436 2864 1484 2906 ¹2
1528 2868 1938 2946 nominatim,
1989 2874 2058 2934 et
2101 2870 2174 2933 in
2219 2874 2430 2935 totam
2474 2876 2716 2937 terram
2741 2854 2998 2911 intended.

614 2977 902 3037 vestram
946 2971 1361 3036 cismarinam
1406 2975 1475 3034 et
1520 2971 2046 3049 transmarinam,
2080 2971 2161 3037 de
2207 2975 2538 3038 communi
2585 2973 2716 3038 fra—

612 3079 793 3138 trum
839 3074 1127 3149 consili0,
1172 3072 1510 3137 interdicti
1573 3071 1745 3137 ferre
1790 3075 2210 3152 sententiam,
2255 3081 2324 3139 et
2367 3097 2510 3140 eam
2572 3097 2720 3162 quae

612 3177 683 3240 in
731 3177 1065 3262 episcopos
1084 3175 1131 3213 ¹³
1174 3175 1314 3240 lata
1378 3174 1601 3239 fuerat
1663 3177 2065 3242 confirmare.
2157 3176 2366 3242 Positi
2428 3200 2582 3264 ergo
2648 3179 2721 3243 in

614 3278 979 3342 arctissimo
1026 3277 1204 3342 omni
1250 3274 1473 3340 studio
1518 3278 2016 3354 attentavimus,
2064 3299 2182 3362 per
2225 3278 2604 3356 cardinales,
2652 3285 2721 3345 et

613 3403 730 3466 per
773 3379 923 3445 illos
969 3380 1049 3444 de
1113 3379 1303 3444 sociis
1364 3379 1607 3443 nostris
1673 3379 1788 3464 qui
1836 3379 1916 3443 ad
1986 3379 2176 3444 illum
2238 3380 2574 3446 habebant
2617 3403 2720 3448 ac-

614 3503 882 3558 cessum,
930 3487 999 3545 et
1065 3501 1182 3564 per
1200 3479 1251 3518 ¹⁴
1312 3479 1669 3546 familiares
1734 3502 1902 3557 suoe,
1969 3487 2049 3546 ut
2113 3487 2392 3547 cessaret
2455 3482 2540 3546 ab
2603 3483 2725 3549 hoc

614 3583 965 3667 propositO,
1041 3582 1150 3645 vel
1228 3581 1461 3646 saltem
1540 3581 1838 3647 differret
1915 3603 2122 3666 usque
2197 3583 2280 3648 ad
2355 3584 2719 3649 adventum

616 3683 1063 3768 episcoporum
1142 3681 1582 3746 vestrorum.¹⁵
1720 3682 1912 3760 Quod
2003 3704 2154 3748 cum
2229 3687 2392 3748 tunc
2412 3683 2463 3722 ¹⁶
2537 3684 2719 3750 nullo

684 3975 697 4006 ¹
734 3981 913 4024 contra
948 3989 1055 4032 noa,
1092 3977 1159 4034 0,
1208 3974 1280 4034 Z;
1322 3981 1473 4024 extra
1517 3989 1616 4034 eos,
1782 3977 1803 4005 ³
1840 3961 2154 4035 Jecinctu'm,
2194 3975 2255 4033 C,
2279 3975 2349 4038 V,
2375 3977 2438 4034 Ο,
2463 3979 2538 4038 Z;
2573 3977 2722 4041 Hya-

616 4053 691 4112 03
727 4058 907 4102 contra
930 4068 1033 4112 vos,
1056 4051 1117 4101 L.
1714 4053 1954 4114 cimbam,
1979 4055 2038 4103 L.

682 4131 704 4162 ²
744 4129 983 4190 Waknsi,
1006 4145 1107 4179 om.
1131 4129 1190 4180 C.
1509 4191 1521 4202 ·
1781 4133 1802 4164 ⁹
1840 4131 2003 4193 Miw,
2043 4132 2123 4190 03
2176 4132 2360 4194 Mizio,
2408 4134 2470 4196 Ο,
2511 4136 2609 4197 Ο*,
2647 4137 2688 4188 Ζ
2710 4159 2724 4198 3

682 4211 704 4243 ³
737 4207 1073 4260 flandrensis
1110 4209 1305 4258 comitio
1341 4209 1538 4258 clericis
1572 4216 1620 4257 et
1713 4209 1904 4270 Misia,
1929 4210 2016 4270 V;
2052 4209 2242 4270 Mino,
2262 4212 2324 4261 L.

645 4287 1055 4346 Cantator-ienis,
1080 4285 1139 4337 C.
1234 4323 1247 4330 -
1782 4288 1824 4320 ¹⁰
1859 4304 1965 4348 noa,
1989 4287 2048 4348 C,
2073 4287 2146 4348 V,
2171 4288 2280 4348 0*;
2317 4305 2420 4351 voc,
2445 4291 2502 4354 Z,
2525 4293 2586 4342 L.

681 4367 703 4398 ⁴
736 4366 917 4430 ἱρέων,
940 4365 1001 4416 C.
1780 4364 1819 4397 ¹¹
1856 4365 2040 4425 eadent,
2063 4365 2123 4416 C.

682 4445 703 4477 ὅ
733 4441 940 4509 publice
963 4440 1043 4491 vel
1062 4440 1320 4490 absolvere
1334 4439 1413 4490 vel
1434 4455 1623 4489 excom-
1781 4441 1822 4474 ¹²
1853 4459 1961 4503 nos,
1987 4443 2049 4494 C.

615 4523 891 4580 manicare,
914 4520 975 4572 C.
1782 4519 1823 4552 ¹⁸
1857 4521 2010 4584 ipsos,
2032 4519 2096 4570 L.

682 4601 705 4632 ⁶
738 4600 906 4649 territi
952 4613 1160 4648 essemus
1205 4597 1268 4646 de
1304 4597 1476 4646 'ventre
1512 4612 1621 4660 req·
1666 4588 1671 4634 ἷ
1781 4596 1824 4628 ¹⁴
1851 4613 1963 4662 per,
1987 4611 2086 4646 om.
2113 4599 2172 4650 C.

618 4681 781 4743 nique,
806 4679 867 4729 C.
1778 4674 1821 4707 ¹⁵
1854 4682 2150 4736 nostrorum,
2175 4677 2236 4729 C.

680 4757 701 4794 7
725 4753 928 4821 fideles,
952 4754 1012 4806 C.
1666 4775 1672 4813 ς
1778 4751 1820 4785 ¹⁶
1856 4759 1992 4814 tunc,
2016 4753 2090 4815 ῦς
2127 4769 2225 4806 οιιι.
2249 4756 2309 4806 L.
