3634 5800
850 895 979 960 356
1726 915 2084 965 nrls‘ronffl.
2575 901 2733 986 [Am.
2770 899 2961 970 1170.

511 1083 729 1214 gaglish
943 1091 1115 1160 cum
1157 1095 1247 1173 1¹¹>
1278 1117 1393 1182 ‘1¹²1
1422 1098 1824 1184 superiorem
1867 1098 2192 1184 'gradum1
2235 1099 2544 1165 obtinent
2586 1098 2956 1185 dignitatis,

510 1215 718 1280 bishop·
849 1193 949 1259 ita
1010 1197 1285 1263 virtutis
1353 1203 1423 1264 et
1476 1199 1631 1265 fidei
1695 1200 1928 1268 robore
1997 1201 2317 1268 deberent
2381 1201 2647 1279 muniri,
2693 1205 2775 1266 ut
2835 1220 2955 1286 pro

514 1281 726 1398 {2203
841 1295 1111 1381 justitia
1200 1303 1270 1364 et
1334 1321 1454 1385 pro
1522 1301 1960 1368 ecclesiastica
2023 1303 2334 1370 fibertate
2397 1303 2649 1369 tuenda
2707 1303 2954 1388 seipsos

514 1413 641 1464 tion.
848 1399 1432 1488 inexpugnabilem
1478 1425 1743 1470 murum
1790 1409 2214 1490 opponerent,
2250 1405 2546 1471 dolemus
2597 1404 2952 1472 admodum

852 1503 1027 1586 quod
1072 1502 1221 1589 plus
1264 1504 1339 1569 in
1383 1503 1703 1592 episcopis
1772 1505 2036 1592 Angliae
2099 1507 2346 1572 terreni
2406 1507 2724 1593 principis
2767 1526 2951 1571 reve-

849 1604 1083 1684 rentia,
1131 1627 1330 1691 quam
1374 1605 1773 1693 pontificalis
1816 1607 2027 1674 honor
2090 1607 2308 1674 valuit
2351 1609 2715 1697 dignitatis.
2810 1608 2953 1692 Ipsi

848 1724 986 1768 non
1028 1704 1241 1771 solum
1284 1708 1809 1787 consuetudines,
1841 1729 2004 1794 quas
2049 1730 2172 1775 rex
2215 1709 2309 1775 eis
2355 1709 2717 1796 proposuit,
2747 1707 2952 1778 θοοΙειτ

850 1805 1131 1874 siasticae
1176 1807 1418 1872 rationi
1486 1809 1864 1886 contrarias,
1923 1809 2350 1894 juraverunt,
2349 1808 2378 1848 ¹
2419 1811 2534 1875 sed
2580 1809 2782 1875 etiam
2811 1808 2950 1873 filio

850 1907 1008 1993 ejus,
1057 1909 1128 1973 in
1174 1909 1657 1997 depressionem
1702 1911 2052 1996 dignitatis
2101 1918 2168 1977 et
2221 1911 2509 1997 justitiae
2555 1908 2951 1977 venerabilis

847 2008 1070 2074 fratris
1130 2011 1341 2076 nostri
1412 2009 1682 2076 Thomae
1758 2009 2260 2076 Cantuariensis
2335 2011 2807 2098 archiepiscopi
2880 2015 2951 2075 et

846 2111 1133 2177 ecclesiae
1207 2131 1362 2192 suae,
1422 2131 1729 2177 coronam
1806 2111 2284 2197 imposuerunt.
2379 2112 2555 2192 Quia
2595 2133 2755 2177 vero
2807 2115 2949 2176 tam

843 2235 1113 2299 gravem
1160 2219 1229 2278 et
1273 2234 1604 2279 enormem
1651 2235 1988 2280 excessum
2033 2237 2154 2281 nec
2199 2235 2544 2302 possumus
2589 2233 2712 2280 nec
2757 2212 2951 2278 debe-

845 2337 993 2380 mus
1039 2315 1407 2400 relinquere
1470 2315 1896 2402 impunitum,
1965 2316 2375 2382 fraternitati
2449 2321 2588 2381 tuae
2631 2337 2750 2401 per
2792 2335 2948 2402 apo-

843 2417 1076 2482 stolica.
1118 2417 1367 2503 scripta
1386 2414 1414 2454 ³
1467 2416 1878 2494 mandamus
1924 2423 1994 2482 et
2069 2418 2142 2482 in
2218 2419 2474 2484 virtute
2551 2417 2947 2484 obedientiae

844 2519 1279 2605 praecipimus,
1348 2525 1674 2605 quatenus
1740 2520 2002 2586 litteras
2067 2541 2230 2607 quas
2296 2519 2691 2586 Eboracensi
2735 2518 2949 2586 archi-

844 2621 1147 2707 episcopo
1192 2627 1261 2687 et
1324 2622 1643 2708 episcopis
1708 2623 1973 2709 Angliae
2043 2623 2405 2709 dirigimus,
2449 2643 2572 2710 per
2631 2623 2946 2688 nuntium

842 2726 1052 2801 tuum,
1099 2725 1466 2810 postposita
1510 2725 1862 2804 occasione,
1922 2725 2338 2790 transmittes
2383 2730 2453 2790 et
2497 2723 2704 2791 facias
2747 2723 2950 2810 essig-

505 2836 616 2888 The
842 2825 1005 2889 nari.
1097 2824 1442 2906 Praeterea,
1476 2830 1703 2890 utrum
1750 2824 2130 2912 Bajocensis
2177 2832 2247 2891 et
2293 2824 2628 2913 Sagiensis
2659 2825 2948 2912 episcopi

506 2903 725 3036 ξζξὲξζ
739 2905 798 2956 of
843 2928 1254 2994 coronationi
1298 2949 1496 3014 quam
1567 2928 1862 2993 diximus
1926 2928 2356 2994 interfuerint
2371 2926 2400 2966 ⁴
2444 2928 2800 3015 diligenter
2843 2928 2946 2992 in-

504 3040 605 3089 and
628 3039 770 3091 seez.
844 3033 1109 3117 quiras3
1154 3037 1223 3099 et
1267 3032 1325 3097 si
1371 3054 1481 3099 eos
1528 3031 1910 3099 interfuisse
1956 3033 2291 3119 repereris,
2338 3030 2547 3110 nobis,
2595 3036 2672 3096 ut
2718 3032 2792 3095 in
2835 3052 2946 3096 eos

840 3134 1269 3215 vindicemus,
1300 3133 1644 3221 significes..
1734 3132 1912 3199 Sane
1957 3134 2346 3220 praedictum
2379 3132 2779 3220 Sagiensem,
2811 3132 2946 3218 qui,

838 3237 1207 3302 ministerio
1250 3235 1379 3302 Dei
1450 3237 1774 3323 neglecto,
1820 3243 2144 3322 tanquam
2218 3235 2486 3303 curialis
2550 3234 2766 3301 factus
2825 3238 2946 3313 est,

838 3338 1010 3404 sicut
1054 3339 1313 3416 dicitur,
1358 3338 1752 3405 rusticorum
1796 3338 2114 3425 spoliator
2157 3342 2229 3403 et
2289 3336 2605 3404 scelerum
2644 3336 2841 3416 ultor,
2886 3337 2945 3402 si

839 3442 938 3507 ita
967 3446 1085 3519 est,
1116 3440 1223 3506 vel
1261 3441 1631 3507 ministerio
1660 3441 1843 3527 regio
1887 3447 2008 3507 aut
2038 3440 2447 3526 episcopatui
2477 3440 2944 3507 abrenuntiare

838 3542 1202 3628 compellas.
1310 3540 1387 3607 Si
1461 3542 1637 3606 enim
1714 3540 1992 3607 curiales
2064 3540 2502 3628 prohibentur
2568 3541 2655 3607 ad
2727 3562 2943 3607 sacros

837 3643 1099 3711 ordines
1175 3643 1565 3730 promoveri,
1635 3642 1850 3709 multo
1912 3640 2134 3707 minus
2199 3642 2315 3727 qui
2383 3646 2546 3707 sunt
2607 3642 2682 3707 in
2743 3642 2942 3709 sacris

838 3745 1179 3812 ordinibus
1223 3744 1571 3811 constituti
1617 3744 1793 3809 inter
1837 3744 2116 3811 curiales
2163 3743 2410 3808 debent
2451 3743 2716 3809 assumi.

911 3990 927 4025 ¹
956 3990 1167 4055 yradum
1205 3989 1303 4039 obe.
1340 3989 1625 4054 diffinitatis,
1660 3989 1733 4052 A,
1770 3990 1837 4049 O,
2005 3989 2027 4022 ⁸
2057 3987 2409 4061 precipiendo,
2448 3987 2545 4041 ins.
2581 3988 2626 4041 C
2663 3990 2780 4052 (but
2809 4004 2944 4055 proe-

838 4068 897 4129 C,
922 4070 995 4131 Z,
1030 4068 1133 4119 obt.
1157 4067 1467 4133 dignitatem,
1486 4069 1549 4119 L.
1939 4067 2148 4134 cipimus
2169 4066 2367 4119 follows
2391 4065 2735 4133 immediately
2757 4067 2942 4131 after).

901 4150 925 4183 2
940 4150 1145 4214 juram,
1166 4148 1227 4201 0,
2004 4146 2026 4178 ⁴
2059 4146 2420 4211 inter-ficerunt,
2443 4146 2504 4198 Ο.

1614 4360 1639 4385 ⁸
1670 4353 1990 4421 September,
2013 4354 2171 4409 saffra.
