<?xml version="1.0" encoding="UTF-8"?>
<!DOCTYPE html PUBLIC "-//W3C//DTD XHTML 1.0 Transitional//EN"
    "http://www.w3.org/TR/xhtml1/DTD/xhtml1-transitional.dtd">
<html xmlns="http://www.w3.org/1999/xhtml" xml:lang="en" lang="en">
 <head>
  <title>
</title>
<meta http-equiv="Content-Type" content="text/html;charset=utf-8" />
  <meta name='ocr-system' content='tesseract 3.04.00' />
  <meta name='ocr-capabilities' content='ocr_page ocr_carea ocr_par ocr_line ocrx_word'/>
</head>
<body>
  <div class='ocr_page' id='page_1' title='image "./materialsforhis00herbgoog_0560.png"; bbox 0 0 3634 5800; ppageno 0'>
   <div class='ocr_carea' id='block_1_1' title="bbox 557 793 2669 934">
    <p class='ocr_par' dir='ltr' id='par_1_1' title="bbox 557 793 2669 934">
     <span class='ocr_line' id='line_1_1' title="bbox 557 793 2669 934; baseline -0 -36"><span class='ocrx_word' id='word_1_1' title='bbox 557 847 692 898; x_wconf 71' lang='lat' dir='ltr'><strong>M).</strong></span> <span class='ocrx_word' id='word_1_2' title='bbox 720 830 944 918; x_wconf 65' lang='lat'>1172]</span> <span class='ocrx_word' id='word_1_3' title='bbox 1369 793 1386 798; x_wconf 45' lang='grc'><em>“</em></span> <span class='ocrx_word' id='word_1_4' title='bbox 1455 846 1816 897; x_wconf 79' lang='lat' dir='ltr'><strong>EPISTOLAE.</strong></span> <span class='ocrx_word' id='word_1_5' title='bbox 2195 929 2201 934; x_wconf 22' lang='grc' dir='ltr'>Ι</span> <span class='ocrx_word' id='word_1_6' title='bbox 2544 834 2669 897; x_wconf 87' lang='grc'><strong>535</strong></span> 
     </span>
    </p>
   </div>
   <div class='ocr_carea' id='block_1_2' title="bbox 555 1037 2668 1230">
    <p class='ocr_par' dir='ltr' id='par_1_2' title="bbox 555 1037 2668 1230">
     <span class='ocr_line' id='line_1_2' title="bbox 558 1037 2668 1126; baseline 0 -23"><span class='ocrx_word' id='word_1_7' title='bbox 558 1043 628 1104; x_wconf 89' lang='lat' dir='ltr'><strong>et</strong></span> <span class='ocrx_word' id='word_1_8' title='bbox 672 1038 1012 1118; x_wconf 79' lang='lat' dir='ltr'><strong>discretuS,</strong></span> <span class='ocrx_word' id='word_1_9' title='bbox 1068 1044 1137 1106; x_wconf 90' lang='lat' dir='ltr'><strong>et</strong></span> <span class='ocrx_word' id='word_1_10' title='bbox 1154 1039 1179 1078; x_wconf 82' lang='lat'>¹</span> <span class='ocrx_word' id='word_1_11' title='bbox 1222 1040 1295 1104; x_wconf 90' lang='lat' dir='ltr'><strong>in</strong></span> <span class='ocrx_word' id='word_1_12' title='bbox 1353 1038 1460 1105; x_wconf 87' lang='lat' dir='ltr'><strong>his</strong></span> <span class='ocrx_word' id='word_1_13' title='bbox 1521 1039 1882 1126; x_wconf 87' lang='lat' dir='ltr'><strong>plurimum</strong></span> <span class='ocrx_word' id='word_1_14' title='bbox 1936 1039 2354 1117; x_wconf 53' lang='lat' dir='ltr'><strong>exercitatus</strong></span> <span class='ocrx_word' id='word_1_15' title='bbox 2405 1037 2668 1126; x_wconf 83' lang='lat' dir='ltr'>plenius</span> 
     </span>
     <span class='ocr_line' id='line_1_3' title="bbox 555 1141 2664 1230; baseline 0 -25"><span class='ocrx_word' id='word_1_16' title='bbox 555 1144 736 1208; x_wconf 87' lang='lat' dir='ltr'><strong>nosti</strong></span> <span class='ocrx_word' id='word_1_17' title='bbox 767 1144 944 1229; x_wconf 90' lang='lat' dir='ltr'><strong>quod</strong></span> <span class='ocrx_word' id='word_1_18' title='bbox 968 1141 993 1182; x_wconf 75' lang='lat'><strong>²</strong></span> <span class='ocrx_word' id='word_1_19' title='bbox 1038 1143 1111 1208; x_wconf 87' lang='lat' dir='ltr'><strong>in</strong></span> <span class='ocrx_word' id='word_1_20' title='bbox 1143 1142 1516 1209; x_wconf 83' lang='lat' dir='ltr'><strong>excessibus</strong></span> <span class='ocrx_word' id='word_1_21' title='bbox 1562 1142 1975 1230; x_wconf 87' lang='lat' dir='ltr'><strong>singulorum</strong></span> <span class='ocrx_word' id='word_1_22' title='bbox 2020 1162 2155 1207; x_wconf 90' lang='lat' dir='ltr'><strong>non</strong></span> <span class='ocrx_word' id='word_1_23' title='bbox 2195 1143 2408 1208; x_wconf 86' lang='lat' dir='ltr'><strong>solum</strong></span> <span class='ocrx_word' id='word_1_24' title='bbox 2439 1143 2664 1209; x_wconf 89' lang='lat' dir='ltr'><strong>delicti</strong></span> 
     </span>
    </p>
   </div>
   <div class='ocr_carea' id='block_1_3' title="bbox 380 1243 2666 1331">
    <p class='ocr_par' dir='ltr' id='par_1_3' title="bbox 380 1243 2666 1331">
     <span class='ocr_line' id='line_1_4' title="bbox 380 1243 2666 1331; baseline 0 -21"><span class='ocrx_word' id='word_1_25' title='bbox 380 1247 387 1254; x_wconf 83' lang='grc'><strong>’</strong></span> <span class='ocrx_word' id='word_1_26' title='bbox 482 1305 501 1318; x_wconf 84' lang='grc'><strong><em>,</em></strong></span> <span class='ocrx_word' id='word_1_27' title='bbox 555 1243 842 1330; x_wconf 78' lang='lat' dir='ltr'><strong>qualitas</strong></span> <span class='ocrx_word' id='word_1_28' title='bbox 874 1249 943 1310; x_wconf 90' lang='lat' dir='ltr'><strong>et</strong></span> <span class='ocrx_word' id='word_1_29' title='bbox 987 1245 1343 1331; x_wconf 82' lang='lat' dir='ltr'><strong>quantitas,</strong></span> <span class='ocrx_word' id='word_1_30' title='bbox 1386 1245 1502 1310; x_wconf 88' lang='lat' dir='ltr'><strong>sed</strong></span> <span class='ocrx_word' id='word_1_31' title='bbox 1548 1248 1731 1321; x_wconf 76' lang='lat' dir='ltr'><strong>aetaS,</strong></span> <span class='ocrx_word' id='word_1_32' title='bbox 1764 1244 2060 1322; x_wconf 88' lang='lat' dir='ltr'><strong>scientia,</strong></span> <span class='ocrx_word' id='word_1_33' title='bbox 2089 1247 2160 1310; x_wconf 84' lang='lat' dir='ltr'><strong>et</strong></span> <span class='ocrx_word' id='word_1_34' title='bbox 2205 1265 2420 1322; x_wconf 87' lang='lat' dir='ltr'><strong>sexus,</strong></span> <span class='ocrx_word' id='word_1_35' title='bbox 2465 1249 2666 1330; x_wconf 86' lang='lat' dir='ltr'><strong>atque</strong></span> 
     </span>
    </p>
   </div>
   <div class='ocr_carea' id='block_1_4' title="bbox 548 1346 2998 2248">
    <p class='ocr_par' dir='ltr' id='par_1_4' title="bbox 553 1346 2665 1534">
     <span class='ocr_line' id='line_1_5' title="bbox 553 1346 2662 1432; baseline 0 -21"><span class='ocrx_word' id='word_1_36' title='bbox 553 1347 846 1412; x_wconf 89' lang='lat' dir='ltr'><strong>conditio</strong></span> <span class='ocrx_word' id='word_1_37' title='bbox 892 1354 1052 1414; x_wconf 89' lang='lat' dir='ltr'><strong>sunt</strong></span> <span class='ocrx_word' id='word_1_38' title='bbox 1103 1347 1545 1426; x_wconf 85' lang='lat' dir='ltr'><strong>attendenda3</strong></span> <span class='ocrx_word' id='word_1_39' title='bbox 1612 1346 1771 1432; x_wconf 86' lang='lat' dir='ltr'><strong>quia</strong></span> <span class='ocrx_word' id='word_1_40' title='bbox 1831 1368 1968 1411; x_wconf 89' lang='lat' dir='ltr'><strong>non</strong></span> <span class='ocrx_word' id='word_1_41' title='bbox 2027 1347 2240 1412; x_wconf 91' lang='lat' dir='ltr'><strong>solum</strong></span> <span class='ocrx_word' id='word_1_42' title='bbox 2301 1347 2662 1413; x_wconf 89' lang='lat' dir='ltr'><strong>secundum</strong></span> 
     </span>
     <span class='ocr_line' id='line_1_6' title="bbox 553 1446 2665 1534; baseline 0 -22"><span class='ocrx_word' id='word_1_43' title='bbox 553 1449 945 1533; x_wconf 68' lang='lat' dir='ltr'>qualitatem</span> <span class='ocrx_word' id='word_1_44' title='bbox 1009 1454 1080 1514; x_wconf 89' lang='lat' dir='ltr'><strong>et</strong></span> <span class='ocrx_word' id='word_1_45' title='bbox 1138 1449 1586 1534; x_wconf 69' lang='lat' dir='ltr'><strong>quantitatem</strong></span> <span class='ocrx_word' id='word_1_46' title='bbox 1644 1446 1971 1523; x_wconf 77' lang='lat' dir='ltr'><strong>facinoriS‚</strong></span> <span class='ocrx_word' id='word_1_47' title='bbox 2018 1447 2133 1513; x_wconf 89' lang='lat' dir='ltr'><strong>sed</strong></span> <span class='ocrx_word' id='word_1_48' title='bbox 2178 1448 2538 1513; x_wconf 89' lang='lat' dir='ltr'><strong>secundum</strong></span> <span class='ocrx_word' id='word_1_49' title='bbox 2586 1469 2665 1512; x_wconf 89' lang='lat' dir='ltr'><strong>ea</strong></span> 
     </span>
    </p>

    <p class='ocr_par' dir='ltr' id='par_1_5' title="bbox 552 1549 2662 1736">
     <span class='ocr_line' id='line_1_7' title="bbox 552 1549 2662 1637; baseline 0 -23"><span class='ocrx_word' id='word_1_50' title='bbox 552 1572 699 1635; x_wconf 84' lang='lat' dir='ltr'><strong>quae</strong></span> <span class='ocrx_word' id='word_1_51' title='bbox 762 1549 1209 1637; x_wconf 74' lang='lat' dir='ltr'><strong>praediximus,</strong></span> <span class='ocrx_word' id='word_1_52' title='bbox 1254 1555 1324 1615; x_wconf 90' lang='lat' dir='ltr'><strong>et</strong></span> <span class='ocrx_word' id='word_1_53' title='bbox 1377 1550 1738 1616; x_wconf 88' lang='lat' dir='ltr'><strong>secundum</strong></span> <span class='ocrx_word' id='word_1_54' title='bbox 1798 1549 2016 1614; x_wconf 88' lang='lat' dir='ltr'><strong>locum</strong></span> <span class='ocrx_word' id='word_1_55' title='bbox 2077 1554 2146 1614; x_wconf 89' lang='lat' dir='ltr'><strong>et</strong></span> <span class='ocrx_word' id='word_1_56' title='bbox 2205 1554 2469 1635; x_wconf 89' lang='lat' dir='ltr'><strong>tempus</strong></span> <span class='ocrx_word' id='word_1_57' title='bbox 2530 1571 2662 1634; x_wconf 91' lang='lat' dir='ltr'><strong>quo</strong></span> 
     </span>
     <span class='ocr_line' id='line_1_8' title="bbox 552 1649 2660 1736; baseline -0.001 -19"><span class='ocrx_word' id='word_1_58' title='bbox 552 1653 869 1719; x_wconf 90' lang='lat' dir='ltr'><strong>delictum</strong></span> <span class='ocrx_word' id='word_1_59' title='bbox 912 1652 1371 1730; x_wconf 83' lang='lat' dir='ltr'><strong>committitur,</strong></span> <span class='ocrx_word' id='word_1_60' title='bbox 1434 1651 1791 1736; x_wconf 89' lang='lat' dir='ltr'><strong>unicuique</strong></span> <span class='ocrx_word' id='word_1_61' title='bbox 1835 1650 2236 1736; x_wconf 85' lang='lat' dir='ltr'><strong>poenitentia</strong></span> <span class='ocrx_word' id='word_1_62' title='bbox 2299 1649 2495 1715; x_wconf 82' lang='lat' dir='ltr'><strong>debet·</strong></span> <span class='ocrx_word' id='word_1_63' title='bbox 2557 1650 2660 1714; x_wconf 92' lang='lat' dir='ltr'><strong>in-</strong></span> 
     </span>
    </p>

    <p class='ocr_par' dir='ltr' id='par_1_6' title="bbox 552 1753 2660 1840">
     <span class='ocr_line' id='line_1_9' title="bbox 552 1753 2660 1840; baseline -0.001 -20"><span class='ocrx_word' id='word_1_64' title='bbox 552 1755 723 1835; x_wconf 85' lang='lat' dir='ltr'><strong>dici3</strong></span> <span class='ocrx_word' id='word_1_65' title='bbox 792 1776 959 1834; x_wconf 90' lang='lat' dir='ltr'><strong>cum,</strong></span> <span class='ocrx_word' id='word_1_66' title='bbox 1024 1755 1197 1821; x_wconf 86' lang='lat' dir='ltr'><strong>sicut</strong></span> <span class='ocrx_word' id='word_1_67' title='bbox 1258 1760 1336 1819; x_wconf 89' lang='lat' dir='ltr'><strong>tu</strong></span> <span class='ocrx_word' id='word_1_68' title='bbox 1400 1755 1541 1840; x_wconf 93' lang='lat' dir='ltr'><strong>ipse</strong></span> <span class='ocrx_word' id='word_1_69' title='bbox 1604 1775 1736 1819; x_wconf 88' lang='lat' dir='ltr'><strong>non</strong></span> <span class='ocrx_word' id='word_1_70' title='bbox 1801 1754 2082 1839; x_wconf 77' lang='lat' dir='ltr'><strong>ignoraS,</strong></span> <span class='ocrx_word' id='word_1_71' title='bbox 2137 1753 2312 1818; x_wconf 90' lang='lat' dir='ltr'><strong>idem</strong></span> <span class='ocrx_word' id='word_1_72' title='bbox 2361 1773 2660 1818; x_wconf 84' lang='lat' dir='ltr'><strong>excessus</strong></span> 
     </span>
    </p>

    <p class='ocr_par' dir='ltr' id='par_1_7' title="bbox 552 1853 2659 1941">
     <span class='ocr_line' id='line_1_10' title="bbox 552 1853 2659 1941; baseline 0 -22"><span class='ocrx_word' id='word_1_73' title='bbox 552 1857 763 1941; x_wconf 84' lang='lat' dir='ltr'><strong>magis</strong></span> <span class='ocrx_word' id='word_1_74' title='bbox 844 1857 916 1921; x_wconf 88' lang='lat' dir='ltr'><strong>in</strong></span> <span class='ocrx_word' id='word_1_75' title='bbox 995 1877 1130 1921; x_wconf 91' lang='lat' dir='ltr'><strong>uno</strong></span> <span class='ocrx_word' id='word_1_76' title='bbox 1203 1875 1404 1940; x_wconf 88' lang='lat' dir='ltr'><strong>quam</strong></span> <span class='ocrx_word' id='word_1_77' title='bbox 1491 1855 1564 1919; x_wconf 91' lang='lat' dir='ltr'><strong>in</strong></span> <span class='ocrx_word' id='word_1_78' title='bbox 1626 1854 1759 1921; x_wconf 89' lang='lat' dir='ltr'><strong>alio</strong></span> <span class='ocrx_word' id='word_1_79' title='bbox 1833 1854 1923 1920; x_wconf 86' lang='lat' dir='ltr'><strong>sit</strong></span> <span class='ocrx_word' id='word_1_80' title='bbox 1995 1853 2391 1940; x_wconf 67' lang='lat' dir='ltr'><strong>puniendus</strong></span> <span class='ocrx_word' id='word_1_81' title='bbox 2546 1853 2659 1919; x_wconf 93' lang='lat' dir='ltr'><strong>Illi</strong></span> 
     </span>
    </p>

    <p class='ocr_par' dir='ltr' id='par_1_8' title="bbox 548 1955 2998 2248">
     <span class='ocr_line' id='line_1_11' title="bbox 548 1955 2984 2043; baseline 0 -20"><span class='ocrx_word' id='word_1_82' title='bbox 548 1963 770 2023; x_wconf 89' lang='lat' dir='ltr'><strong>autem</strong></span> <span class='ocrx_word' id='word_1_83' title='bbox 838 1957 955 2043; x_wconf 87' lang='lat' dir='ltr'><strong>qui</strong></span> <span class='ocrx_word' id='word_1_84' title='bbox 1017 1958 1238 2024; x_wconf 88' lang='lat' dir='ltr'><strong>animo</strong></span> <span class='ocrx_word' id='word_1_85' title='bbox 1302 1957 1641 2024; x_wconf 87' lang='lat' dir='ltr'><strong>occidendi</strong></span> <span class='ocrx_word' id='word_1_86' title='bbox 1710 1955 1901 2022; x_wconf 81' lang='lat' dir='ltr'><strong>illum</strong></span> <span class='ocrx_word' id='word_1_87' title='bbox 1971 1960 2273 2023; x_wconf 89' lang='lat' dir='ltr'><strong>sanctum</strong></span> <span class='ocrx_word' id='word_1_88' title='bbox 2340 1961 2410 2022; x_wconf 91' lang='lat' dir='ltr'><strong>et</strong></span> <span class='ocrx_word' id='word_1_89' title='bbox 2473 1977 2658 2023; x_wconf 87' lang='lat' dir='ltr'><strong>reve·</strong></span> <span class='ocrx_word' id='word_1_90' title='bbox 2683 1959 2911 2036; x_wconf 63' lang='lat' dir='ltr'><strong>Dqgrees</strong></span> <span class='ocrx_word' id='word_1_91' title='bbox 2929 1966 2984 2011; x_wconf 72' lang='lat'><strong>0¹</strong></span> 
     </span>
     <span class='ocr_line' id='line_1_12' title="bbox 550 2026 2998 2146; baseline 0 -22"><span class='ocrx_word' id='word_1_92' title='bbox 550 2061 830 2125; x_wconf 87' lang='lat' dir='ltr'><strong>rendum</strong></span> <span class='ocrx_word' id='word_1_93' title='bbox 860 2060 1080 2125; x_wconf 86' lang='lat' dir='ltr'><strong>virum</strong></span> <span class='ocrx_word' id='word_1_94' title='bbox 1115 2059 1660 2127; x_wconf 83' lang='lat' dir='ltr'><strong>Cantuariensem</strong></span> <span class='ocrx_word' id='word_1_95' title='bbox 1697 2059 2032 2145; x_wconf 89' lang='lat' dir='ltr'><strong>quondam</strong></span> <span class='ocrx_word' id='word_1_96' title='bbox 2077 2058 2656 2146; x_wconf 81' lang='lat' dir='ltr'><strong>archiepiscopum,</strong></span> <span class='ocrx_word' id='word_1_97' title='bbox 2682 2026 2998 2143; x_wconf 54' lang='grc' dir='ltr'><strong>ξὲἓέθὲῗξώ</strong></span> 
     </span>
     <span class='ocr_line' id='line_1_13' title="bbox 550 2157 2894 2248; baseline -0 -20"><span class='ocrx_word' id='word_1_98' title='bbox 550 2167 670 2228; x_wconf 90' lang='lat' dir='ltr'><strong>aut</strong></span> <span class='ocrx_word' id='word_1_99' title='bbox 712 2161 1014 2241; x_wconf 87' lang='lat' dir='ltr'><strong>feriendi,</strong></span> <span class='ocrx_word' id='word_1_100' title='bbox 1052 2167 1171 2228; x_wconf 88' lang='lat' dir='ltr'><strong>aut</strong></span> <span class='ocrx_word' id='word_1_101' title='bbox 1215 2161 1517 2248; x_wconf 87' lang='lat' dir='ltr'><strong>capiendi</strong></span> <span class='ocrx_word' id='word_1_102' title='bbox 1563 2161 1619 2226; x_wconf 90' lang='lat' dir='ltr'><strong>si</strong></span> <span class='ocrx_word' id='word_1_103' title='bbox 1666 2162 1750 2226; x_wconf 89' lang='lat' dir='ltr'><strong>de</strong></span> <span class='ocrx_word' id='word_1_104' title='bbox 1792 2161 1907 2225; x_wconf 84' lang='lat' dir='ltr'><strong>illa</strong></span> <span class='ocrx_word' id='word_1_105' title='bbox 1949 2161 2255 2247; x_wconf 81' lang='lat' dir='ltr'><strong>captione</strong></span> <span class='ocrx_word' id='word_1_106' title='bbox 2299 2182 2476 2226; x_wconf 86' lang='lat' dir='ltr'><strong>mors</strong></span> <span class='ocrx_word' id='word_1_107' title='bbox 2515 2163 2657 2248; x_wconf 87' lang='lat' dir='ltr'><strong>ejus</strong></span> <span class='ocrx_word' id='word_1_108' title='bbox 2681 2157 2770 2208; x_wconf 61' lang='lat'><strong>‘¹¹2</strong></span> <span class='ocrx_word' id='word_1_109' title='bbox 2791 2159 2894 2209; x_wconf 79' lang='lat' dir='ltr'><strong>late</strong></span> 
     </span>
    </p>
   </div>
   <div class='ocr_carea' id='block_1_5' title="bbox 551 2227 2901 2349">
    <p class='ocr_par' dir='ltr' id='par_1_9' title="bbox 551 2227 2901 2349">
     <span class='ocr_line' id='line_1_14' title="bbox 551 2227 2901 2349; baseline -0.004 -19"><span class='ocrx_word' id='word_1_110' title='bbox 551 2265 899 2331; x_wconf 84' lang='lat' dir='ltr'><strong>subsecuta</strong></span> <span class='ocrx_word' id='word_1_111' title='bbox 939 2264 1189 2343; x_wconf 85' lang='lat' dir='ltr'><strong>fuisset,</strong></span> <span class='ocrx_word' id='word_1_112' title='bbox 1220 2265 1388 2332; x_wconf 89' lang='lat' dir='ltr'><strong>citra</strong></span> <span class='ocrx_word' id='word_1_113' title='bbox 1405 2262 1431 2302; x_wconf 81' lang='lat'>³</span> <span class='ocrx_word' id='word_1_114' title='bbox 1454 2280 1771 2329; x_wconf 90' lang='lat' dir='ltr'><strong>manuum</strong></span> <span class='ocrx_word' id='word_1_115' title='bbox 1806 2262 2228 2349; x_wconf 89' lang='lat' dir='ltr'><strong>injectionem</strong></span> <span class='ocrx_word' id='word_1_116' title='bbox 2261 2284 2329 2328; x_wconf 93' lang='lat' dir='ltr'><strong>se</strong></span> <span class='ocrx_word' id='word_1_117' title='bbox 2359 2262 2659 2329; x_wconf 86' lang='lat' dir='ltr'><strong>fatentur</strong></span> <span class='ocrx_word' id='word_1_118' title='bbox 2683 2227 2901 2276; x_wconf 82' lang='lat' dir='ltr'><strong>murder.</strong></span> 
     </span>
    </p>
   </div>
   <div class='ocr_carea' id='block_1_6' title="bbox 434 2365 2658 2453">
    <p class='ocr_par' dir='ltr' id='par_1_10' title="bbox 434 2365 2658 2453">
     <span class='ocr_line' id='line_1_15' title="bbox 434 2365 2658 2453; baseline 0 -23"><span class='ocrx_word' id='word_1_119' title='bbox 434 2415 447 2440; x_wconf 85' lang='lat'><strong>,</strong></span> <span class='ocrx_word' id='word_1_120' title='bbox 551 2367 826 2444; x_wconf 81' lang='lat' dir='ltr'><strong>venisse,</strong></span> <span class='ocrx_word' id='word_1_121' title='bbox 871 2367 1017 2453; x_wconf 86' lang='lat' dir='ltr'><strong>pari</strong></span> <span class='ocrx_word' id='word_1_122' title='bbox 1077 2387 1278 2453; x_wconf 89' lang='lat' dir='ltr'><strong>poena</strong></span> <span class='ocrx_word' id='word_1_123' title='bbox 1322 2365 1431 2430; x_wconf 86' lang='lat' dir='ltr'><strong>vel</strong></span> <span class='ocrx_word' id='word_1_124' title='bbox 1494 2365 1629 2431; x_wconf 85' lang='lat' dir='ltr'><strong>fere</strong></span> <span class='ocrx_word' id='word_1_125' title='bbox 1689 2365 1834 2452; x_wconf 85' lang='lat' dir='ltr'><strong>pari</strong></span> <span class='ocrx_word' id='word_1_126' title='bbox 1895 2369 2056 2430; x_wconf 86' lang='lat' dir='ltr'><strong>sunt</strong></span> <span class='ocrx_word' id='word_1_127' title='bbox 2077 2365 2103 2403; x_wconf 73' lang='lat'><em>4</em></span> <span class='ocrx_word' id='word_1_128' title='bbox 2161 2365 2521 2450; x_wconf 84' lang='lat' dir='ltr'><strong>puniendi:</strong></span> <span class='ocrx_word' id='word_1_129' title='bbox 2589 2369 2658 2430; x_wconf 90' lang='lat' dir='ltr'><strong>et</strong></span> 
     </span>
    </p>
   </div>
   <div class='ocr_carea' id='block_1_7' title="bbox 548 2467 2660 4293">
    <p class='ocr_par' dir='ltr' id='par_1_11' title="bbox 548 2467 2659 3353">
     <span class='ocr_line' id='line_1_16' title="bbox 552 2467 2658 2553; baseline 0 -22"><span class='ocrx_word' id='word_1_130' title='bbox 552 2467 652 2531; x_wconf 91' lang='lat' dir='ltr'><strong>illi</strong></span> <span class='ocrx_word' id='word_1_131' title='bbox 721 2468 923 2534; x_wconf 87' lang='lat' dir='ltr'><strong>etiam</strong></span> <span class='ocrx_word' id='word_1_132' title='bbox 993 2468 1109 2553; x_wconf 90' lang='lat' dir='ltr'><strong>qui</strong></span> <span class='ocrx_word' id='word_1_133' title='bbox 1177 2489 1311 2533; x_wconf 88' lang='lat' dir='ltr'><strong>non</strong></span> <span class='ocrx_word' id='word_1_134' title='bbox 1377 2472 1455 2531; x_wconf 91' lang='lat' dir='ltr'><strong>ut</strong></span> <span class='ocrx_word' id='word_1_135' title='bbox 1517 2467 1807 2546; x_wconf 85' lang='lat' dir='ltr'><strong>ferirent,</strong></span> <span class='ocrx_word' id='word_1_136' title='bbox 1854 2467 1970 2532; x_wconf 89' lang='lat' dir='ltr'><strong>sed</strong></span> <span class='ocrx_word' id='word_1_137' title='bbox 2029 2473 2111 2532; x_wconf 88' lang='lat' dir='ltr'><strong>ut</strong></span> <span class='ocrx_word' id='word_1_138' title='bbox 2169 2467 2658 2552; x_wconf 83' lang='lat' dir='ltr'><strong>percussoribus</strong></span> 
     </span>
     <span class='ocr_line' id='line_1_17' title="bbox 552 2557 2658 2655; baseline -0.001 -21"><span class='ocrx_word' id='word_1_139' title='bbox 552 2592 743 2655; x_wconf 87' lang='lat' dir='ltr'><strong>opem</strong></span> <span class='ocrx_word' id='word_1_140' title='bbox 796 2570 1061 2648; x_wconf 87' lang='lat' dir='ltr'><strong>ferrent,</strong></span> <span class='ocrx_word' id='word_1_141' title='bbox 1108 2570 1163 2635; x_wconf 91' lang='lat' dir='ltr'><strong>si</strong></span> <span class='ocrx_word' id='word_1_142' title='bbox 1211 2570 1379 2634; x_wconf 85' lang='lat' dir='ltr'><strong>forte</strong></span> <span class='ocrx_word' id='word_1_143' title='bbox 1426 2568 1761 2647; x_wconf 89' lang='lat' dir='ltr'><strong>violentia,</strong></span> <span class='ocrx_word' id='word_1_144' title='bbox 1809 2589 2010 2655; x_wconf 90' lang='lat' dir='ltr'><strong>quam</strong></span> <span class='ocrx_word' id='word_1_145' title='bbox 2056 2563 2328 2654; x_wconf 80' lang='lat' dir='ltr'><strong>quidam</strong></span> <span class='ocrx_word' id='word_1_146' title='bbox 2385 2557 2611 2634; x_wconf 52' lang='lat' dir='ltr'><strong>&#39;moliri</strong></span> <span class='ocrx_word' id='word_1_147' title='bbox 2633 2567 2658 2606; x_wconf 81' lang='lat'>⁵</span> 
     </span>
     <span class='ocr_line' id='line_1_18' title="bbox 552 2667 2654 2757; baseline -0 -22"><span class='ocrx_word' id='word_1_148' title='bbox 552 2671 900 2747; x_wconf 82' lang='lat' dir='ltr'><strong>debebant,</strong></span> <span class='ocrx_word' id='word_1_149' title='bbox 931 2667 1467 2757; x_wconf 53' lang='lat' dir='ltr'><strong>impedirentur?</strong></span> <span class='ocrx_word' id='word_1_150' title='bbox 1510 2671 1709 2756; x_wconf 89' lang='lat' dir='ltr'><strong>paulo</strong></span> <span class='ocrx_word' id='word_1_151' title='bbox 1770 2670 2013 2736; x_wconf 86' lang='lat' dir='ltr'><strong>minori</strong></span> <span class='ocrx_word' id='word_1_152' title='bbox 2031 2668 2056 2711; x_wconf 87' lang='lat'>⁷</span> <span class='ocrx_word' id='word_1_153' title='bbox 2100 2691 2300 2756; x_wconf 88' lang='lat' dir='ltr'><strong>poena</strong></span> <span class='ocrx_word' id='word_1_154' title='bbox 2343 2671 2654 2736; x_wconf 88' lang='lat' dir='ltr'><strong>multari:</strong></span> 
     </span>
     <span class='ocr_line' id='line_1_19' title="bbox 550 2772 2657 2859; baseline 0 -23"><span class='ocrx_word' id='word_1_155' title='bbox 550 2773 709 2858; x_wconf 85' lang='lat' dir='ltr'><strong>quia</strong></span> <span class='ocrx_word' id='word_1_156' title='bbox 754 2793 903 2838; x_wconf 89' lang='lat' dir='ltr'><strong>cum</strong></span> <span class='ocrx_word' id='word_1_157' title='bbox 952 2773 1270 2859; x_wconf 87' lang='lat' dir='ltr'><strong>scriptum</strong></span> <span class='ocrx_word' id='word_1_158' title='bbox 1316 2773 1447 2838; x_wconf 83' lang='lat' dir='ltr'><strong>sit:</strong></span> <span class='ocrx_word' id='word_1_159' title='bbox 1502 2777 1536 2807; x_wconf 92' lang='lat'><strong>“</strong></span> <span class='ocrx_word' id='word_1_160' title='bbox 1557 2772 1690 2852; x_wconf 81' lang='lat' dir='ltr'><strong>Qui</strong></span> <span class='ocrx_word' id='word_1_161' title='bbox 1744 2772 1968 2858; x_wconf 89' lang='lat' dir='ltr'><strong>potuit</strong></span> <span class='ocrx_word' id='word_1_162' title='bbox 1996 2772 2332 2838; x_wconf 91' lang='lat' dir='ltr'><strong>hominem</strong></span> <span class='ocrx_word' id='word_1_163' title='bbox 2382 2772 2657 2838; x_wconf 84' lang='lat' dir='ltr'><strong>liberare</strong></span> 
     </span>
     <span class='ocr_line' id='line_1_20' title="bbox 552 2871 2658 2959; baseline 0 -20"><span class='ocrx_word' id='word_1_164' title='bbox 552 2881 588 2909; x_wconf 91' lang='lat'><strong>“</strong></span> <span class='ocrx_word' id='word_1_165' title='bbox 632 2895 673 2939; x_wconf 85' lang='lat' dir='ltr'><strong>a</strong></span> <span class='ocrx_word' id='word_1_166' title='bbox 732 2878 959 2951; x_wconf 85' lang='lat' dir='ltr'><strong>morte,</strong></span> <span class='ocrx_word' id='word_1_167' title='bbox 1026 2880 1095 2939; x_wconf 92' lang='lat' dir='ltr'><strong>et</strong></span> <span class='ocrx_word' id='word_1_168' title='bbox 1157 2894 1291 2939; x_wconf 90' lang='lat' dir='ltr'><strong>non</strong></span> <span class='ocrx_word' id='word_1_169' title='bbox 1354 2871 1686 2955; x_wconf 78' lang='lat' dir='ltr'><strong>liberavit,</strong></span> <span class='ocrx_word' id='word_1_170' title='bbox 1751 2873 1972 2959; x_wconf 89' lang='lat' dir='ltr'><strong>ipsum</strong></span> <span class='ocrx_word' id='word_1_171' title='bbox 2041 2874 2334 2953; x_wconf 88' lang='lat' dir='ltr'><strong>occidit,’&#39;</strong></span> <span class='ocrx_word' id='word_1_172' title='bbox 2399 2879 2658 2941; x_wconf 87' lang='lat' dir='ltr'><strong>constat</strong></span> 
     </span>
     <span class='ocr_line' id='line_1_21' title="bbox 552 2977 2654 3066; baseline 0.002 -26"><span class='ocrx_word' id='word_1_173' title='bbox 552 2978 726 3063; x_wconf 88' lang='lat' dir='ltr'><strong>ipsos</strong></span> <span class='ocrx_word' id='word_1_174' title='bbox 772 2978 857 3043; x_wconf 89' lang='lat' dir='ltr'><strong>ab</strong></span> <span class='ocrx_word' id='word_1_175' title='bbox 904 2977 1241 3044; x_wconf 84' lang='lat' dir='ltr'><strong>homicidii</strong></span> <span class='ocrx_word' id='word_1_176' title='bbox 1286 2981 1475 3043; x_wconf 82' lang='lat' dir='ltr'><strong>reatu</strong></span> <span class='ocrx_word' id='word_1_177' title='bbox 1523 2978 1851 3042; x_wconf 88' lang='lat' dir='ltr'><strong>immunes</strong></span> <span class='ocrx_word' id='word_1_178' title='bbox 1896 2999 2032 3042; x_wconf 90' lang='lat' dir='ltr'><strong>non</strong></span> <span class='ocrx_word' id='word_1_179' title='bbox 2077 2998 2216 3045; x_wconf 88' lang='lat' dir='ltr'><strong>esse</strong></span> <span class='ocrx_word' id='word_1_180' title='bbox 2258 2979 2372 3066; x_wconf 92' lang='lat' dir='ltr'><strong>qui</strong></span> <span class='ocrx_word' id='word_1_181' title='bbox 2419 2980 2654 3045; x_wconf 88' lang='lat' dir='ltr'><strong>occiso-</strong></span> 
     </span>
     <span class='ocr_line' id='line_1_22' title="bbox 550 3080 2659 3167; baseline 0.001 -22"><span class='ocrx_word' id='word_1_182' title='bbox 550 3081 733 3146; x_wconf 86' lang='lat' dir='ltr'><strong>ribus</strong></span> <span class='ocrx_word' id='word_1_183' title='bbox 778 3103 969 3167; x_wconf 85' lang='lat' dir='ltr'><strong>opcm</strong></span> <span class='ocrx_word' id='word_1_184' title='bbox 1014 3087 1245 3147; x_wconf 89' lang='lat' dir='ltr'><strong>contra</strong></span> <span class='ocrx_word' id='word_1_185' title='bbox 1290 3080 1455 3146; x_wconf 86' lang='lat' dir='ltr'><strong>alios</strong></span> <span class='ocrx_word' id='word_1_186' title='bbox 1508 3086 1820 3167; x_wconf 83' lang='lat' dir='ltr'><strong>praestare</strong></span> <span class='ocrx_word' id='word_1_187' title='bbox 1867 3086 2236 3162; x_wconf 85' lang='lat' dir='ltr'><strong>venerunt3</strong></span> <span class='ocrx_word' id='word_1_188' title='bbox 2298 3104 2420 3147; x_wconf 90' lang='lat' dir='ltr'><strong>nec</strong></span> <span class='ocrx_word' id='word_1_189' title='bbox 2479 3089 2659 3149; x_wconf 86' lang='lat' dir='ltr'><strong>caret</strong></span> 
     </span>
     <span class='ocr_line' id='line_1_23' title="bbox 551 3183 2659 3270; baseline 0 -21"><span class='ocrx_word' id='word_1_190' title='bbox 551 3184 858 3270; x_wconf 86' lang='lat' dir='ltr'><strong>scrupulo</strong></span> <span class='ocrx_word' id='word_1_191' title='bbox 908 3184 1243 3249; x_wconf 85' lang='lat' dir='ltr'><strong>societatis</strong></span> <span class='ocrx_word' id='word_1_192' title='bbox 1298 3184 1589 3261; x_wconf 75' lang='lat' dir='ltr'><strong>occultae,</strong></span> <span class='ocrx_word' id='word_1_193' title='bbox 1639 3184 1773 3269; x_wconf 81' lang='lat' dir='ltr'><strong>qui,</strong></span> <span class='ocrx_word' id='word_1_194' title='bbox 1806 3203 1956 3249; x_wconf 91' lang='lat' dir='ltr'><strong>cum</strong></span> <span class='ocrx_word' id='word_1_195' title='bbox 2004 3184 2230 3269; x_wconf 83' lang='lat' dir='ltr'><strong>possit,</strong></span> <span class='ocrx_word' id='word_1_196' title='bbox 2262 3185 2614 3250; x_wconf 87' lang='lat' dir='ltr'><strong>manifesto</strong></span> <span class='ocrx_word' id='word_1_197' title='bbox 2633 3183 2659 3221; x_wconf 75' lang='lat'><strong>⁸</strong></span> 
     </span>
     <span class='ocr_line' id='line_1_24' title="bbox 548 3286 1454 3353; baseline 0.001 -1"><span class='ocrx_word' id='word_1_198' title='bbox 548 3288 797 3353; x_wconf 85' lang='lat' dir='ltr'><strong>desinit</strong></span> <span class='ocrx_word' id='word_1_199' title='bbox 842 3287 1120 3353; x_wconf 86' lang='lat' dir='ltr'><strong>facinori</strong></span> <span class='ocrx_word' id='word_1_200' title='bbox 1168 3286 1454 3353; x_wconf 82' lang='lat' dir='ltr'><strong>obviare.</strong></span> 
     </span>
    </p>

    <p class='ocr_par' dir='ltr' id='par_1_12' title="bbox 550 3387 2660 4293">
     <span class='ocr_line' id='line_1_25' title="bbox 640 3387 2658 3475; baseline 0 -22"><span class='ocrx_word' id='word_1_201' title='bbox 640 3389 752 3453; x_wconf 91' lang='lat' dir='ltr'><strong>Illi</strong></span> <span class='ocrx_word' id='word_1_202' title='bbox 813 3394 1037 3455; x_wconf 87' lang='lat' dir='ltr'><strong>autem</strong></span> <span class='ocrx_word' id='word_1_203' title='bbox 1056 3387 1083 3424; x_wconf 87' lang='lat'>⁰</span> <span class='ocrx_word' id='word_1_204' title='bbox 1130 3390 1244 3475; x_wconf 93' lang='lat' dir='ltr'><strong>qui</strong></span> <span class='ocrx_word' id='word_1_205' title='bbox 1305 3410 1375 3453; x_wconf 88' lang='lat' dir='ltr'><strong>se</strong></span> <span class='ocrx_word' id='word_1_206' title='bbox 1435 3392 1742 3454; x_wconf 84' lang='lat' dir='ltr'><strong>asserunt</strong></span> <span class='ocrx_word' id='word_1_207' title='bbox 1802 3389 2100 3453; x_wconf 88' lang='lat' dir='ltr'><strong>animum</strong></span> <span class='ocrx_word' id='word_1_208' title='bbox 2163 3390 2336 3474; x_wconf 83' lang='lat' dir='ltr'><strong>regis</strong></span> <span class='ocrx_word' id='word_1_209' title='bbox 2397 3390 2658 3454; x_wconf 88' lang='lat' dir='ltr'><strong>inflam-</strong></span> 
     </span>
     <span class='ocr_line' id='line_1_26' title="bbox 551 3489 2656 3569; baseline 0 -13"><span class='ocrx_word' id='word_1_210' title='bbox 551 3512 763 3556; x_wconf 86' lang='lat' dir='ltr'><strong>masse</strong></span> <span class='ocrx_word' id='word_1_211' title='bbox 828 3492 914 3556; x_wconf 86' lang='lat' dir='ltr'><strong>ad</strong></span> <span class='ocrx_word' id='word_1_212' title='bbox 979 3491 1227 3569; x_wconf 93' lang='lat' dir='ltr'><strong>odium,</strong></span> <span class='ocrx_word' id='word_1_213' title='bbox 1274 3490 1451 3555; x_wconf 91' lang='lat' dir='ltr'><strong>unde</strong></span> <span class='ocrx_word' id='word_1_214' title='bbox 1514 3489 1683 3555; x_wconf 83' lang='lat' dir='ltr'><strong>forte</strong></span> <span class='ocrx_word' id='word_1_215' title='bbox 1746 3489 1880 3555; x_wconf 86' lang='lat' dir='ltr'><strong>fuit</strong></span> <span class='ocrx_word' id='word_1_216' title='bbox 1939 3489 2370 3555; x_wconf 89' lang='lat' dir='ltr'><strong>homicidium</strong></span> <span class='ocrx_word' id='word_1_217' title='bbox 2435 3492 2656 3557; x_wconf 85' lang='lat' dir='ltr'><strong>subse-</strong></span> 
     </span>
     <span class='ocr_line' id='line_1_27' title="bbox 552 3592 2660 3679; baseline 0.001 -20"><span class='ocrx_word' id='word_1_218' title='bbox 552 3600 799 3670; x_wconf 88' lang='lat' dir='ltr'><strong>cutum,</strong></span> <span class='ocrx_word' id='word_1_219' title='bbox 846 3594 1010 3659; x_wconf 89' lang='lat' dir='ltr'><strong>satis</strong></span> <span class='ocrx_word' id='word_1_220' title='bbox 1076 3594 1237 3659; x_wconf 85' lang='lat' dir='ltr'><strong>dure</strong></span> <span class='ocrx_word' id='word_1_221' title='bbox 1286 3598 1356 3659; x_wconf 86' lang='lat' dir='ltr'><strong>et</strong></span> <span class='ocrx_word' id='word_1_222' title='bbox 1397 3614 1644 3679; x_wconf 86' lang='lat' dir='ltr'><strong>aspere,</strong></span> <span class='ocrx_word' id='word_1_223' title='bbox 1708 3592 1824 3657; x_wconf 89' lang='lat' dir='ltr'><strong>sed</strong></span> <span class='ocrx_word' id='word_1_224' title='bbox 1867 3614 2004 3658; x_wconf 89' lang='lat' dir='ltr'><strong>non</strong></span> <span class='ocrx_word' id='word_1_225' title='bbox 2063 3594 2162 3660; x_wconf 89' lang='lat' dir='ltr'><strong>ita</strong></span> <span class='ocrx_word' id='word_1_226' title='bbox 2207 3616 2452 3674; x_wconf 84' lang='lat' dir='ltr'><strong>severe,</strong></span> <span class='ocrx_word' id='word_1_227' title='bbox 2500 3599 2660 3661; x_wconf 88' lang='lat' dir='ltr'><strong>sunt</strong></span> 
     </span>
     <span class='ocr_line' id='line_1_28' title="bbox 550 3694 2658 3782; baseline 0 -21"><span class='ocrx_word' id='word_1_228' title='bbox 550 3696 889 3782; x_wconf 89' lang='lat' dir='ltr'><strong>puniendi,</strong></span> <span class='ocrx_word' id='word_1_229' title='bbox 934 3696 1065 3759; x_wconf 88' lang='lat' dir='ltr'><strong>nisi</strong></span> <span class='ocrx_word' id='word_1_230' title='bbox 1111 3694 1281 3760; x_wconf 87' lang='lat' dir='ltr'><strong>forte</strong></span> <span class='ocrx_word' id='word_1_231' title='bbox 1327 3696 1546 3781; x_wconf 86' lang='lat' dir='ltr'><strong>ipsum</strong></span> <span class='ocrx_word' id='word_1_232' title='bbox 1592 3714 1812 3780; x_wconf 88' lang='lat' dir='ltr'><strong>regem</strong></span> <span class='ocrx_word' id='word_1_233' title='bbox 1859 3695 1946 3761; x_wconf 90' lang='lat' dir='ltr'><strong>ad</strong></span> <span class='ocrx_word' id='word_1_234' title='bbox 1999 3694 2168 3760; x_wconf 90' lang='lat' dir='ltr'><strong>illud</strong></span> <span class='ocrx_word' id='word_1_235' title='bbox 2227 3695 2658 3762; x_wconf 90' lang='lat' dir='ltr'><strong>homicidium</strong></span> 
     </span>
     <span class='ocr_line' id='line_1_29' title="bbox 550 3798 2658 3886; baseline 0 -21"><span class='ocrx_word' id='word_1_236' title='bbox 550 3801 688 3865; x_wconf 86' lang='lat' dir='ltr'><strong>suis</strong></span> <span class='ocrx_word' id='word_1_237' title='bbox 763 3798 1299 3886; x_wconf 86' lang='lat' dir='ltr'><strong>suggestionibus</strong></span> <span class='ocrx_word' id='word_1_238' title='bbox 1374 3802 1859 3885; x_wconf 83' lang='lat' dir='ltr'><strong>provocassent.</strong></span> <span class='ocrx_word' id='word_1_239' title='bbox 1998 3798 2110 3863; x_wconf 89' lang='lat' dir='ltr'><strong>Illi</strong></span> <span class='ocrx_word' id='word_1_240' title='bbox 2188 3820 2446 3885; x_wconf 91' lang='lat' dir='ltr'><strong>quoque</strong></span> <span class='ocrx_word' id='word_1_241' title='bbox 2521 3820 2658 3865; x_wconf 91' lang='lat' dir='ltr'><strong>non</strong></span> 
     </span>
     <span class='ocr_line' id='line_1_30' title="bbox 550 3900 2655 3988; baseline -0.001 -21"><span class='ocrx_word' id='word_1_242' title='bbox 550 3902 825 3967; x_wconf 88' lang='lat' dir='ltr'><strong>fuerunt</strong></span> <span class='ocrx_word' id='word_1_243' title='bbox 887 3922 928 3967; x_wconf 89' lang='lat' dir='ltr'><strong>a</strong></span> <span class='ocrx_word' id='word_1_244' title='bbox 972 3902 1169 3988; x_wconf 89' lang='lat' dir='ltr'><strong>culpa</strong></span> <span class='ocrx_word' id='word_1_245' title='bbox 1228 3900 1439 3979; x_wconf 89' lang='lat' dir='ltr'><strong>liberi,</strong></span> <span class='ocrx_word' id='word_1_246' title='bbox 1484 3922 1607 3967; x_wconf 91' lang='lat' dir='ltr'><strong>nec</strong></span> <span class='ocrx_word' id='word_1_247' title='bbox 1666 3922 1707 3966; x_wconf 87' lang='lat' dir='ltr'><strong>a</strong></span> <span class='ocrx_word' id='word_1_248' title='bbox 1760 3921 1962 3986; x_wconf 89' lang='lat' dir='ltr'><strong>poena</strong></span> <span class='ocrx_word' id='word_1_249' title='bbox 2020 3901 2267 3967; x_wconf 88' lang='lat' dir='ltr'><strong>debent</strong></span> <span class='ocrx_word' id='word_1_250' title='bbox 2329 3924 2468 3967; x_wconf 90' lang='lat' dir='ltr'><strong>esse</strong></span> <span class='ocrx_word' id='word_1_251' title='bbox 2531 3902 2655 3966; x_wconf 90' lang='lat' dir='ltr'><strong>im-</strong></span> 
     </span>
     <span class='ocr_line' id='line_1_31' title="bbox 551 4000 2656 4089; baseline 0 -21"><span class='ocrx_word' id='word_1_252' title='bbox 551 4024 804 4081; x_wconf 75' lang='lat' dir='ltr'><strong>muneS,</strong></span> <span class='ocrx_word' id='word_1_253' title='bbox 869 4003 1001 4089; x_wconf 90' lang='lat' dir='ltr'><strong>qui,</strong></span> <span class='ocrx_word' id='word_1_254' title='bbox 1055 4002 1211 4069; x_wconf 91' lang='lat' dir='ltr'><strong>licet</strong></span> <span class='ocrx_word' id='word_1_255' title='bbox 1271 4002 1524 4067; x_wconf 85' lang='lat' dir='ltr'><strong>fuerint</strong></span> <span class='ocrx_word' id='word_1_256' title='bbox 1582 4000 1761 4066; x_wconf 85' lang='lat' dir='ltr'><strong>illius</strong></span> <span class='ocrx_word' id='word_1_257' title='bbox 1833 4001 2080 4089; x_wconf 79' lang='lat' dir='ltr'><strong>iniquae</strong></span> <span class='ocrx_word' id='word_1_258' title='bbox 2146 4001 2656 4069; x_wconf 82' lang='lat' dir='ltr'><strong>machinationis</strong></span> 
     </span>
     <span class='ocr_line' id='line_1_32' title="bbox 553 4102 2655 4194; baseline 0 -23"><span class='ocrx_word' id='word_1_259' title='bbox 553 4106 788 4194; x_wconf 86' lang='lat' dir='ltr'><strong>ignari,</strong></span> <span class='ocrx_word' id='word_1_260' title='bbox 834 4110 1061 4171; x_wconf 87' lang='lat' dir='ltr'><strong>tamen</strong></span> <span class='ocrx_word' id='word_1_261' title='bbox 1107 4104 1165 4169; x_wconf 89' lang='lat' dir='ltr'><strong>si</strong></span> <span class='ocrx_word' id='word_1_262' title='bbox 1210 4126 1322 4170; x_wconf 92' lang='lat' dir='ltr'><strong>eos</strong></span> <span class='ocrx_word' id='word_1_263' title='bbox 1382 4103 1649 4171; x_wconf 83' lang='lat' dir='ltr'><strong>sicarios</strong></span> <span class='ocrx_word' id='word_1_264' title='bbox 1704 4126 1844 4170; x_wconf 89' lang='lat' dir='ltr'><strong>esse</strong></span> <span class='ocrx_word' id='word_1_265' title='bbox 1903 4104 2218 4185; x_wconf 87' lang='lat' dir='ltr'><strong>sciebant,</strong></span> <span class='ocrx_word' id='word_1_266' title='bbox 2264 4105 2337 4170; x_wconf 93' lang='lat' dir='ltr'><strong>in</strong></span> <span class='ocrx_word' id='word_1_267' title='bbox 2382 4102 2655 4173; x_wconf 82' lang='lat' dir='ltr'><strong>sarcinis</strong></span> 
     </span>
     <span class='ocr_line' id='line_1_33' title="bbox 551 4206 2656 4293; baseline 0.001 -19"><span class='ocrx_word' id='word_1_268' title='bbox 551 4230 777 4274; x_wconf 89' lang='lat' dir='ltr'><strong>eorum</strong></span> <span class='ocrx_word' id='word_1_269' title='bbox 819 4206 1269 4273; x_wconf 89' lang='lat' dir='ltr'><strong>custodiendis</strong></span> <span class='ocrx_word' id='word_1_270' title='bbox 1309 4206 1753 4272; x_wconf 87' lang='lat' dir='ltr'><strong>ministerium</strong></span> <span class='ocrx_word' id='word_1_271' title='bbox 1800 4208 2242 4293; x_wconf 84' lang='lat' dir='ltr'><strong>praebuerunt.</strong></span> <span class='ocrx_word' id='word_1_272' title='bbox 2338 4208 2468 4274; x_wconf 90' lang='lat' dir='ltr'><strong>Eos</strong></span> <span class='ocrx_word' id='word_1_273' title='bbox 2499 4230 2656 4276; x_wconf 87' lang='lat' dir='ltr'><strong>vero</strong></span> 
     </span>
    </p>
   </div>
   <div class='ocr_carea' id='block_1_8' title="bbox 616 4448 2566 4749">
    <p class='ocr_par' dir='ltr' id='par_1_13' title="bbox 618 4448 2164 4513">
     <span class='ocr_line' id='line_1_34' title="bbox 618 4448 2164 4513; baseline -0.001 -13"><span class='ocrx_word' id='word_1_274' title='bbox 618 4452 633 4483; x_wconf 86' lang='lat'>¹</span> <span class='ocrx_word' id='word_1_275' title='bbox 671 4459 736 4509; x_wconf 78' lang='lat' dir='ltr'><strong>et,</strong></span> <span class='ocrx_word' id='word_1_276' title='bbox 759 4452 831 4511; x_wconf 80' lang='lat'><strong>23</strong></span> <span class='ocrx_word' id='word_1_277' title='bbox 866 4465 965 4499; x_wconf 89' lang='lat' dir='ltr'><strong>om.</strong></span> <span class='ocrx_word' id='word_1_278' title='bbox 990 4448 1054 4499; x_wconf 90' lang='lat' dir='ltr'><strong>G.</strong></span> <span class='ocrx_word' id='word_1_279' title='bbox 1712 4448 1733 4480; x_wconf 83' lang='lat'><strong>⁶</strong></span> <span class='ocrx_word' id='word_1_280' title='bbox 1768 4448 2084 4513; x_wconf 76' lang='lat' dir='ltr'><strong>impedirent,</strong></span> <span class='ocrx_word' id='word_1_281' title='bbox 2108 4450 2164 4499; x_wconf 87' lang='lat' dir='ltr'><strong>Z.</strong></span> 
     </span>
    </p>

    <p class='ocr_par' dir='ltr' id='par_1_14' title="bbox 619 4526 2038 4579">
     <span class='ocr_line' id='line_1_35' title="bbox 619 4526 2038 4579; baseline 0 -1"><span class='ocrx_word' id='word_1_282' title='bbox 619 4528 641 4560; x_wconf 73' lang='lat'>²</span> <span class='ocrx_word' id='word_1_283' title='bbox 707 4528 807 4578; x_wconf 81' lang='lat' dir='ltr'><strong>uod</strong></span> <span class='ocrx_word' id='word_1_284' title='bbox 847 4530 920 4577; x_wconf 86' lang='grc' dir='ltr'><strong>Ζ·</strong></span> <span class='ocrx_word' id='word_1_285' title='bbox 1008 4528 1079 4577; x_wconf 77' lang='lat' dir='ltr'><strong>cia</strong></span> <span class='ocrx_word' id='word_1_286' title='bbox 1122 4527 1185 4579; x_wconf 91' lang='lat' dir='ltr'><strong>G.</strong></span> <span class='ocrx_word' id='word_1_287' title='bbox 1712 4526 1733 4564; x_wconf 85' lang='grc'><strong><em>7</em></strong></span> <span class='ocrx_word' id='word_1_288' title='bbox 1767 4529 1947 4577; x_wconf 80' lang='lat' dir='ltr'><strong>ma&#39;ori</strong></span> <span class='ocrx_word' id='word_1_289' title='bbox 1983 4530 2038 4578; x_wconf 86' lang='lat' dir='ltr'><strong>Z.</strong></span> 
     </span>
    </p>

    <p class='ocr_par' dir='ltr' id='par_1_15' title="bbox 616 4544 2566 4749">
     <span class='ocr_line' id='line_1_36' title="bbox 616 4544 2566 4673; baseline 0.002 -17"><span class='ocrx_word' id='word_1_290' title='bbox 616 4608 639 4640; x_wconf 82' lang='lat'><strong>³</strong></span> <span class='ocrx_word' id='word_1_291' title='bbox 671 4547 750 4658; x_wconf 59' lang='lat' dir='ltr'><strong>gel</strong></span> <span class='ocrx_word' id='word_1_292' title='bbox 770 4564 927 4667; x_wconf 45' lang='lat' dir='ltr'><strong>etfrca’,</strong></span> <span class='ocrx_word' id='word_1_293' title='bbox 951 4544 1044 4657; x_wconf 58' lang='grc' dir='ltr'><strong>ἱῗε.</strong></span> <span class='ocrx_word' id='word_1_294' title='bbox 1072 4564 1137 4659; x_wconf 52' lang='lat'><strong>(3.</strong></span> <span class='ocrx_word' id='word_1_295' title='bbox 1709 4606 1732 4638; x_wconf 81' lang='lat'>⁸</span> <span class='ocrx_word' id='word_1_296' title='bbox 1768 4546 2050 4673; x_wconf 49' lang='grc' dir='ltr'><strong>ηιαζιῇεἶπο,</strong></span> <span class='ocrx_word' id='word_1_297' title='bbox 2073 4609 2114 4660; x_wconf 90' lang='grc' dir='ltr'>Ζ</span> <span class='ocrx_word' id='word_1_298' title='bbox 2131 4629 2145 4673; x_wconf 76' lang='lat'>5</span> <span class='ocrx_word' id='word_1_299' title='bbox 2181 4608 2462 4673; x_wconf 66' lang='lat' dir='ltr'><strong>matusale,</strong></span> <span class='ocrx_word' id='word_1_300' title='bbox 2498 4610 2566 4664; x_wconf 79' lang='lat' dir='ltr'><strong>G.</strong></span> 
     </span>
     <span class='ocr_line' id='line_1_37' title="bbox 618 4684 1988 4749; baseline 0.002 -14"><span class='ocrx_word' id='word_1_301' title='bbox 618 4688 637 4719; x_wconf 90' lang='lat'><strong>⁴</strong></span> <span class='ocrx_word' id='word_1_302' title='bbox 670 4694 807 4747; x_wconf 77' lang='lat' dir='ltr'><strong>sunt,</strong></span> <span class='ocrx_word' id='word_1_303' title='bbox 832 4688 907 4746; x_wconf 89' lang='lat' dir='ltr'><strong>Z;</strong></span> <span class='ocrx_word' id='word_1_304' title='bbox 942 4702 1041 4735; x_wconf 90' lang='lat' dir='ltr'><strong>om.</strong></span> <span class='ocrx_word' id='word_1_305' title='bbox 1066 4686 1132 4737; x_wconf 83' lang='lat' dir='ltr'><strong>G.</strong></span> <span class='ocrx_word' id='word_1_306' title='bbox 1710 4684 1732 4717; x_wconf 80' lang='lat'><strong>⁹</strong></span> <span class='ocrx_word' id='word_1_307' title='bbox 1764 4702 1898 4749; x_wconf 85' lang='lat' dir='ltr'><strong>vero,</strong></span> <span class='ocrx_word' id='word_1_308' title='bbox 1923 4686 1988 4739; x_wconf 83' lang='lat' dir='ltr'><strong>G.</strong></span> 
     </span>
    </p>
   </div>
   <div class='ocr_carea' id='block_1_9' title="bbox 672 4750 1059 4826">
    <p class='ocr_par' dir='ltr' id='par_1_16' title="bbox 672 4750 1059 4826">
     <span class='ocr_line' id='line_1_38' title="bbox 672 4750 1059 4826; baseline 0 -11"><span class='ocrx_word' id='word_1_309' title='bbox 672 4750 853 4826; x_wconf 80' lang='lat' dir='ltr'><strong>moliri,</strong></span> <span class='ocrx_word' id='word_1_310' title='bbox 875 4780 977 4815; x_wconf 91' lang='lat' dir='ltr'><strong>om.</strong></span> <span class='ocrx_word' id='word_1_311' title='bbox 1001 4764 1059 4815; x_wconf 90' lang='lat' dir='ltr'><strong>Z.</strong></span> 
     </span>
    </p>
   </div>
  </div>
 </body>
</html>
