3634 5800
586 2730 651 2781 In
674 2730 857 2782 favour

584 2798 648 2847 of
661 2797 749 2849 the

585 2862 767 2928 bishop
789 2864 852 2916 of

582 2929 815 2984 London.

958 800 1091 862 490
1839 820 2196 873 musa-ona.
2679 815 2837 898 [sn.
2877 816 3070 887 1171.

950 1000 1181 1065 scribit
1254 1000 1563 1085 quaedam
1654 1004 1926 1069 ecclesia.
2013 1028 2238 1093 parva,
2315 1009 2458 1075 sine
2547 1014 2830 1093 nomine,
2920 1017 3066 1084 sine

953 1102 1373 1180 auctoritate,
1418 1107 1487 1167 et
1538 1124 1689 1168 cum
1736 1106 2038 1191 singultu
2085 1110 2296 1175 totius
2338 1111 2628 1179 ecclesiae
2673 1116 2964 1183 dolorem
2993 1125 3065 1185 et

942 1204 1265 1289 gemitum
1306 1206 1538 1291 paucis
1582 1206 1958 1275 innotescit.
2051 1210 2344 1297 Spiritus
2373 1216 2721 1300 sapientiae
2767 1226 3060 1287 mentem

944 1310 1133 1372 tuam
1176 1305 1529 1385 illuminet,
1560 1308 1834 1394 spiritus
1879 1312 2136 1377 consilii
2183 1315 2510 1395 informet,
2554 1319 2828 1405 spiritus
2873 1322 3066 1389 forti·

938 1407 1191 1473 tudinis
1236 1409 1622 1477 corroboret.
1710 1410 1944 1477 Amen.

1772 1748 2212 1815 DOCLVIII.

981 1894 1278 1961 Smc'm
1323 1895 1723 1961 Tmm'mns
1769 1896 2302 1963 Lonnomsnsm
2345 1914 2554 1965 nuos
2597 1914 2696 1961 An
2741 1899 2974 1964 Ann-

1694 2012 2000 2065 Annmm
2045 2012 2298 2064 PAPAM.

1533 2192 1621 2254 (C.
1650 2197 1779 2254 1923
1816 2193 1884 2243 D.
1910 2198 2005 2253 893
2036 2193 2220 2243 Thom.
2246 2196 2388 2255 349.)

1016 2317 1403 2383 Reverendo
1422 2316 1445 2355 ¹
1523 2318 1701 2404 patri
1776 2317 2188 2396 Alexandm,
2263 2318 2393 2383 Dei
2489 2321 2707 2407 gratia
2781 2343 3040 2388 summo

925 2419 1243 2505 pontifici,
1272 2418 1337 2484 S.
1385 2471 1398 2485 .
1448 2469 1465 2486 .
1516 2470 1531 2485 .
1564 2419 1855 2485 ecclesiae
1887 2425 2136 2487 sanctae
2166 2420 2521 2487 Trinitatis
2554 2420 3038 2491 Londoniensis

922 2541 1152 2585 servus
1226 2520 1517 2601 humilis,
1592 2520 1878 2587 salutem
1941 2526 2011 2586 et
2077 2521 2321 2587 debitae
2389 2522 2822 2607 subjectionis
2883 2528 3038 2592 obe-

923 2622 1261 2688 dientiam.

1012 2724 1184 2791 Cum
1244 2725 1426 2811 apud
1493 2745 1830 2789 summum
1896 2724 1942 2787 J
1943 2723 2221 2802 udicem,
2291 2723 2408 2809 qui
2481 2746 2671 2792 renes
2733 2729 3036 2795 omnium

916 2831 1254 2894 scrutatur
1298 2831 1368 2893 et
1412 2826 1628 2906 corda,
1674 2825 1731 2890 si
1795 2846 1996 2912 quem
2059 2825 2205 2891 vita
2263 2826 2681 2892 commendet
2743 2829 3038 2899 humana

922 2931 1277 2996 infirmitas
1351 2929 1807 2998 commendare
1871 2951 2008 2995 non
2083 2930 2364 3008 dubitet,
2435 2953 2694 2998 summa.
2767 2934 2841 2998 in
2909 2936 3035 3002 hoc

920 3033 1188 3111 mundo,
1232 3033 1405 3098 inter
1453 3031 1753 3097 homines
1795 3036 1868 3097 et
1913 3052 2131 3118 supra,
2177 3032 2557 3098 sanctitatis
2589 3039 2830 3102 vestrae
2875 3038 3036 3102 sub—

918 3134 1187 3212 limitas,
1232 3155 1488 3220 semper
1532 3133 1896 3201 reverende
1941 3138 2011 3199 et
2057 3133 2512 3200 amantissime
2557 3140 2764 3220 pater,
2807 3138 3034 3206 virum

916 3235 1361 3304 venerabilem
1404 3235 1748 3301 dominum
1795 3235 2170 3301 Gilbertum
2218 3235 2694 3302 Londoniensis
2739 3239 3031 3308 ecclesiae

916 3340 1311 3426 episcopum,
1358 3359 1401 3403 a
1443 3339 1779 3424 parvitate
1826 3340 2058 3403 nostra
2101 3337 2448 3402 humiliter
2477 3340 3032 3420 commendatum,

915 3443 1029 3530 pio
1102 3441 1313 3529 patris
1389 3441 1635 3507 affectu
1698 3445 1771 3506 et
1847 3441 2128 3507 caritate
2196 3440 2472 3519 sincera,
2523 3442 2882 3529 dignanter
2955 3453 3030 3512 et

912 3546 1197 3633 benigne
1243 3543 1575 3630 suscipiat.
1668 3542 1882 3623 Quem
1899 3541 1925 3580 ²
1982 3563 2119 3607 non
2179 3542 2394 3606 solum
2437 3543 2600 3609 vitae
2661 3546 3031 3626 sinceritaS,

912 3649 1250 3736 religionis
1309 3646 1676 3732 integritas,
1722 3646 2020 3713 scientiae
2081 3644 2388 3723 charitas,
2433 3648 3024 3718 commendabilem

912 3750 1244 3830 reddunt;
1288 3770 1519 3814 verum
1567 3748 1771 3814 etiam
1816 3753 1888 3813 et
1954 3747 2321 3833 praesertim
2371 3746 2688 3816 Romanae
2733 3752 3025 3820 ecclesiae

911 3853 1091 3942 apud
1135 3873 1255 3917 nos
1300 3852 1408 3936 (ut
1450 3849 1888 3935 dignoscitur)
1933 3853 2321 3916 conservata
2364 3848 2652 3918 fidelitas
2695 3857 2765 3918 et
2809 3875 3022 3940 prona

912 3976 1169 4042 semper
1245 3956 1315 4018 et
1388 3952 1634 4018 devota
1706 3951 2104 4017 obedientia.
2199 3950 2366 4030 Quis
2433 3952 2611 4016 enim
2683 3953 2758 4018 in
2832 3977 3019 4024 exse-

912 4059 1179 4127 cutione
1225 4075 1567 4122 causarum
1615 4076 1734 4141 pro
1778 4053 2098 4120 mandato
2145 4057 2366 4120 vestro
2411 4056 2776 4121 secundum
2820 4058 3018 4147 leges,

902 4163 1075 4248 jura,
1122 4165 1192 4226 et
1254 4179 1554 4239 canones,
1608 4157 1683 4220 in
1726 4156 2099 4242 Anglorum
2169 4155 2489 4240 [regione]
2513 4153 2540 4193 ³
2600 4156 2696 4223 sic
2759 4159 3018 4226 miseris

906 4262 1241 4339 subvenit,
1288 4261 1382 4329 sic
1426 4259 1735 4346 expulsos
1780 4257 2103 4333 restituit,
2151 4255 2246 4324 sic
2290 4277 2628 4342 oppressos
2686 4259 3018 4341 liberavit,

970 4519 987 4550 ¹
1035 4513 1354 4574 Venerando,
1378 4516 1443 4574 D,
1468 4515 1532 4566 G.
2073 4511 2094 4544 ⁸
2128 4509 2183 4560 A
2219 4512 2361 4559 word
2399 4509 2441 4560 is
2481 4510 2706 4578 wanting
2743 4511 2800 4561 in
2840 4515 2900 4574 C,
2939 4516 3011 4580 D,

968 4598 990 4630 ²
1030 4598 1161 4658 Que,
1214 4595 1258 4646 C
1306 4590 1571 4657 (omitting
1626 4590 1712 4640 the
1758 4589 1906 4639 mark
2004 4590 2112 4638 and
2153 4587 2218 4638 G.
2304 4587 2487 4652 Migne
2533 4587 2754 4653 supplies
2797 4593 3011 4657 reqione.

902 4675 1069 4726 which
1092 4675 1301 4724 denotes
1321 4672 1393 4734 m)
1416 4691 1430 4732 ς
1463 4669 1607 4730 Quoe,
1622 4668 1701 4730 Gn
1729 4667 1905 4729 Quem,
2001 4665 2250 4730 Possibly
2270 4674 2430 4731 yeme.

898 4753 1092 4819 Migne‚
1116 4753 1178 4801 cl.
1210 4755 1350 4800 1442.
