3634 5800
604 862 735 916 Am.
771 851 991 942 1170]
1470 879 1831 928 EPISTOLAE.
2574 867 2704 934 25¹7

606 1055 629 1096 ¹
654 1059 727 1125 in
771 1064 1083 1150 injuriam
1128 1073 1373 1134 sanctae
1405 1066 1905 1134 Cantuariensis
1951 1065 2236 1132 ecclesiae
2283 1071 2351 1132 et
2394 1073 2705 1142 nostram,

609 1165 927 1252 suadetur
944 1167 969 1207 ²
1028 1169 1092 1234 ei
1136 1174 1215 1233 ut
1278 1191 1397 1255 per
1464 1190 1733 1234 manum
1781 1168 2180 1233 venerabilis
2223 1168 2449 1233 fratris
2495 1171 2705 1234 nostri

610 1263 1035 1334 Eboracensis
1078 1270 1551 1356 archiepiscopi
1595 1269 1810 1334 filium
1876 1291 2071 1334 suum
2140 1270 2438 1335 coronari
2484 1269 2704 1336 faciat.

610 1367 752 1432 Nos
799 1371 1066 1454 quidem
1112 1394 1196 1436 ex
1262 1373 1661 1439 conscientia
1722 1377 1948 1436 nostra
2015 1372 2100 1435 ad
2167 1370 2703 1437 reformationem

610 1471 789 1555 pacis
852 1471 923 1535 in
966 1473 1250 1538 Domino
1295 1495 1415 1538 nos
1482 1495 1737 1559 semper
1798 1471 2179 1550 obtulimus
2226 1475 2442 1558 parati
2505 1474 2706 1538 etiam

609 1594 787 1637 nunc
832 1574 1097 1640 domino
1140 1577 1280 1661 regi
1327 1581 1395 1640 et
1439 1576 1577 1640 filio
1623 1596 1740 1640 suo
1787 1575 2088 1640 debitum
2133 1574 2446 1639 honorem
2494 1581 2564 1640 et
2606 1596 2708 1640 re-

610 1675 975 1739 verentiam
1067 1676 1139 1740 in
1230 1676 1495 1741 Christo
1570 1697 1687 1762 per
1780 1677 2002 1740 omnia
2076 1676 2408 1754 exhibere,
2486 1683 2572 1754 et,
2650 1676 2707 1740 si

610 1774 875 1839 domino
928 1776 1065 1861 regi
1132 1776 1471 1861 placuerit,
1519 1798 1638 1863 pro
1684 1777 1911 1842 debito
1974 1775 2170 1842 officii
2234 1777 2462 1856 nostri,
2509 1777 2707 1841 inun-

606 1897 758 1960 gere
819 1882 889 1941 et
951 1898 1257 1942 coronare
1325 1878 1396 1941 in
1470 1899 1699 1964 regem,
1764 1878 1938 1943 sicut
1955 1875 1982 1916 ⁸
2047 1882 2420 1943 antecessor
2481 1882 2709 1942 noster

608 1977 823 2062 ipsum
889 1977 1229 2042 dominum
1294 1985 1594 2044 nostrum
1641 1978 1863 2065 (cujus
1927 1978 2456 2044 incolumitatem
2523 1978 2704 2044 Deus

608 2078 695 2142 ad
767 2077 1081 2144 honorem
1145 2101 1358 2157 suum,
1405 2085 1475 2145 et
1536 2080 1900 2144 utilitatem
1922 2078 1950 2118 ⁴
2011 2079 2166 2144 cleri
2231 2083 2301 2144 et
2343 2079 2588 2165 populi,
2635 2081 2708 2144 in

610 2181 788 2244 omni
834 2181 1266 2265 prosperitate
1334 2203 1451 2268 per
1503 2181 1702 2266 longa
1769 2186 2067 2264 tempora
2129 2182 2426 2264 tueatur)
2476 2181 2707 2266 digno-

610 2280 815 2346 scitur
859 2303 1275 2348 consecrasse.
1368 2283 1565 2348 Unde
1628 2282 1840 2366 major
1883 2286 1954 2345 et
2019 2281 2392 2346 evidentior
2459 2282 2708 2367 injuria

610 2383 809 2446 matri
902 2389 1137 2448 vestrae
1159 2383 1185 2422 ⁶
1260 2381 1723 2448 Cantuariensi
1801 2382 2087 2448 ecclesiae
2162 2383 2564 2468 irrogaretur
2640 2388 2708 2447 et

610 2481 817 2560 nobis,
883 2484 939 2546 si
1012 2482 1137 2549 hoc
1198 2483 1369 2548 alius
1445 2485 1918 2568 cujuscumque
1992 2483 2317 2547 instinctu
2385 2503 2706 2568 usurpare

609 2591 1047 2670 praesumeret.
1118 2584 1432 2650 Prohibet
1462 2585 1601 2664 hoc,
1629 2585 2026 2650 auctoritate
2059 2605 2210 2670 quae
2241 2584 2496 2650 cunctis
2540 2605 2709 2668 prae-

610 2686 872 2763 eminet,
920 2707 1211 2751 summus
1279 2686 1599 2772 pontifex,
1646 2687 1822 2751 sicut
1883 2708 1968 2750 ex
2029 2684 2272 2750 litteris
2337 2685 2498 2770 ejus
2544 2706 2709 2769 quas

614 2787 799 2852 vobis
848 2788 1191 2864 mittimus
1222 2789 1497 2873 potestis
1540 2789 1904 2864 advertere,
1938 2793 2006 2851 et
2050 2787 2112 2852 ei
2158 2787 2274 2872 qui
2319 2785 2445 2850 hoc
2490 2791 2707 2851 atten-

609 2893 750 2953 tare
825 2889 1314 2975 praesumpserit
1392 2889 1477 2972 (si
1560 2889 1709 2974 quis
1800 2893 2027 2953 tamen
2115 2887 2243 2971 est)
2341 2886 2707 2971 periculum

612 2988 895 3067 honoriS,
943 2990 1158 3067 officii,
1204 2996 1273 3055 et
1317 2991 1613 3056 beneficii
1682 2994 1987 3076 patenter
2048 2989 2391 3052 imminere
2455 2990 2709 3053 denun-

613 3090 755 3153 tiat.
852 3090 993 3155 Nos
1062 3091 1279 3167 etiam,
1328 3092 1537 3177 ipsius
1605 3091 2002 3157 auctoritate
2065 3087 2218 3155 freti
2288 3088 2710 3154 universitati

612 3196 850 3255 vestrae
916 3191 987 3255 in
1033 3192 1287 3257 virtute
1352 3194 1762 3269 obedientiae,
1806 3193 1879 3255 in
1941 3190 2229 3276 periculo
2291 3189 2583 3255 ordinis⁶
2643 3196 2714 3256 et

611 3293 931 3371 beneficii,
992 3293 1115 3358 sub
1183 3294 1603 3360 anathemate
1675 3293 2114 3379 praecipiendo
2181 3292 2588 3368 mandamuS‚
2634 3298 2713 3358 ut

612 3394 737 3461 hoc
802 3395 1029 3459 nullus
1098 3402 1396 3461 vestrum
1463 3401 1769 3472 attentet,
1816 3416 1938 3460 nec
1999 3394 2362 3460 attentanti
2407 3395 2714 3473 assistat3

614 3497 746 3574 sed,
793 3497 1149 3581 apostolica
1217 3498 1632 3575 auctoritate,
1682 3496 1965 3582 quilibet
2017 3500 2313 3559 vestrum
2381 3496 2714 3578 exquisita
2779 3553 2788 3560 .

616 3597 1001 3683 diligentius
1047 3599 1546 3685 opportunitate
1608 3598 1910 3663 inhibeat
1953 3596 2416 3682 praesumptori
2462 3619 2544 3661 ne
2589 3596 2714 3662 hoc

614 3705 904 3783 usurpet,
983 3704 1053 3764 et
1126 3721 1167 3765 a
1242 3700 1701 3765 communione
1768 3698 1952 3762 illius
2015 3698 2364 3763 abstineat.
2479 3696 2714 3764 Valete

614 3822 869 3885 semper
913 3800 1326 3867 dilectissimi
1370 3801 1607 3867 frat-res
1653 3801 1725 3864 in
1773 3798 2054 3865 Christo

678 4030 695 4061 ¹
730 4036 796 4088 et,
816 4028 911 4077 ins.
935 4026 995 4077 L.
1778 4026 1801 4057 ⁴
1837 4024 2152 4085 volumtatem,
2176 4025 2244 4073 A.

676 4106 697 4139 ²
730 4106 1028 4165 suadeatur,
1053 4103 1120 4154 L.
1780 4104 1801 4135 ⁶
1836 4110 2032 4164 vestroe,
2054 4104 2126 4162 A,
2148 4102 2219 4161 Z;
2254 4108 2454 4162 nostrae,
2475 4102 2536 4151 L.

680 4184 703 4217 ³
737 4182 871 4245 licet,
892 4182 955 4234 Ο.
1782 4180 1803 4212 ⁶
1838 4180 2052 4243 ordinis,
2074 4181 2143 4241 A,
2168 4180 2214 4232 Ο
2235 4202 2250 4241 3
2285 4178 2507 4242 honoris,
2528 4180 2586 4242 Z,
2611 4182 2669 4231 L.

794 4835 829 4870 o
854 4824 1029 4873 18478.
2405 4836 2453 4886 Β
