3634 5800
595 881 732 936 Aa).
769 864 990 952 1170]
1471 881 1830 936 srtsroLAE.
2574 867 2701 933 365

600 1067 951 1156 dignitatis
999 1069 1299 1149 obtentu,
1329 1077 1402 1138 et
1451 1071 1678 1158 posuit
1721 1073 1792 1136 et
1836 1068 2150 1146 firmavit,
2181 1068 2305 1134 sub
2336 1067 2578 1153 quibus
2626 1073 2695 1132 et

598 1169 871 1238 libertas
917 1173 1095 1258 perit
1116 1173 1421 1252 ecclesias,
1453 1178 1524 1238 et
1552 1169 2063 1260 apostolicorum
2091 1171 2387 1235 virorum
2417 1174 2693 1246 statuta,

599 1278 928 1357 quantum
995 1273 1070 1338 in
1167 1296 1245 1341 eo
1319 1280 1437 1350 est,
1537 1294 1657 1339 suo
1732 1272 1965 1338 robore
2038 1274 2428 1338 vacuantur.
2552 1271 2696 1336 Nec

599 1375 882 1440 credidit
913 1375 1151 1443 debere
1181 1375 1490 1454 sufficere,
1512 1375 1570 1440 si
1602 1375 1686 1440 ab
1703 1374 1728 1414 ¹
1759 1395 1837 1440 eo
1868 1371 2139 1440 Divinae
2166 1374 2343 1460 leges
2374 1374 2447 1437 in
2490 1393 2693 1458 regno

598 1477 862 1564 Angliae
938 1479 1282 1545 silentium
1345 1485 1415 1546 et
1509 1479 1925 1546 vacationem
1948 1475 1974 1516 ²
2033 1474 2487 1564 susciperent,⁸
2562 1476 2693 1540 nisi

599 1583 941 1666 peccatum
1001 1581 1488 1648 transmitteret
1513 1581 1602 1646 ad
1666 1579 2003 1667 haeredeS„
2038 1584 2109 1646 et
2150 1580 2348 1666 longo
2400 1586 2699 1665 tempore

599 1679 846 1748 faceret
868 1681 1048 1748 sine*
1078 1681 1328 1769 ephoth
1345 1682 1372 1722 ⁵
1401 1687 1471 1748 et
1493 1683 1637 1748 sine
1659 1680 2182 1768 superhumerali
2200 1701 2479 1768 regnum
2502 1700 2699 1744 suum

598 1781 834 1848 sedere.
959 1783 1126 1851 Inde
1203 1783 1336 1850 fuit
1409 1783 1590 1870 quod
1664 1784 1931 1869 iniquas
2007 1782 2156 1848 illas
2210 1783 2695 1869 usurpationeS‚

596 1883 843 1969 absque
902 1885 1042 1952 ulla
1107 1887 1514 1976 exceptione,
1577 1891 1797 1953 vestro
1844 1891 1915 1951 et
1958 1886 2240 1952 aliorum
2285 1885 2568 1951 fratrum
2629 1888 2699 1949 et

599 1987 1128 2074 coepiscoporum
1173 1994 1552 2055 nostrorum
1574 1987 1602 2028 ⁶
1657 1987 2059 2073 juramento,
2104 1987 2267 2054 fecit
2310 1984 2581 2064 firmari,
2627 1991 2698 2050 et

599 2087 1023 2175 plectendum
1057 2089 1399 2176 judicavit
1463 2094 1545 2156 ut
1609 2089 1871 2158 hostem
1916 2089 2315 2175 quicumque
2361 2087 2568 2152 vellet
2610 2086 2698 2152 ab

598 2189 848 2276 iniquis
887 2191 1025 2257 illis
1091 2190 1698 2259 constitutionibus
1717 2189 1743 2231 ⁷
1805 2190 2170 2256 dissentire.
2264 2188 2525 2254 Indicat
2572 2189 2700 2255 hoc
2727 2208 2860 2260 ease
2883 2208 2947 2258 of

599 2293 996 2360 venerabilis
1021 2293 1282 2381 [fratris
1323 2289 1597 2378 nostri⁸J
1642 2291 1914 2358 Thomae
1937 2291 2154 2358 Oantu
2162 2289 2439 2356 ariensis
2482 2288 2697 2356 archi-
2726 2274 2991 2391 ζξξὴζωξξ

599 2394 887 2482 episcopi
931 2394 1282 2474 exsilium;
1356 2393 1766 2460 demonstrat
1842 2397 1912 2458 et
1978 2393 2102 2460 hoc
2176 2391 2559 2460 clericorum
2634 2395 2704 2457 et
2729 2357 2943 2458 cantgr-

599 2497 1229 2582 consanguineorum
1298 2495 1462 2580 ejus,
1506 2495 1772 2561 illorum
1836 2495 2037 2560 etiam
2101 2493 2235 2578 qui,
2283 2493 2499 2559 adhuc
2544 2513 2701 2578 pen·
2725 2475 2875 2537 ΜΨ·

609 2595 840 2663 dentes
883 2598 970 2664 ab
1037 2597 1350 2664 uberibus
1420 2598 1674 2674 matriS,
1717 2595 2080 2682 vagiebant
2110 2655 2116 2660 .
2146 2596 2219 2660 in
2283 2592 2516 2672 cunis‚⁹
2578 2595 2703 2658 mi-

601 2699 879 2765 seranda
937 2699 1344 2786 proscriptio,
1394 2704 1464 2764 et
1527 2703 1742 2764 metus
1806 2698 2041 2762 mortis
2102 2695 2446 2774 incutitur,
2491 2699 2549 2762 si
2617 2697 2703 2763 ad

584 2800 742 2867 ·hoc
757 2797 807 2840 ²⁰
886 2802 1272 2888 cujusquam
1317 2801 1596 2875 ,animus
1659 2799 1952 2887 erigatur
2018 2804 2115 2881 ut,
2160 2805 2389 2866 contra
2450 2803 2707 2866 statuta

604 2902 720 2969 illa
786 2903 1031 2971 divinis
1093 2904 1260 2971 velit
1317 2903 1571 2991 legibus
1648 2902 1925 2969 obedire.
2020 2901 2161 2967 Nos
2223 2902 2370 2988 ipsi,
2418 2909 2699 2987 quorum

602 3003 855 3092 judicio
928 3007 1504 3095 praevaricationes
1577 3004 1712 3071 illae
1787 3002 2187 3091 corrigendae
2262 3004 2529 3070 fuerant
2588 3012 2707 3069 aut

600 3108 982 3195 plectendae,
1049 3110 1138 3175 ad
1205 3108 1770 3175 confirmationem
1834 3107 2096 3172 illarum
2170 3106 2312 3187 sub,
2374 3106 2709 3173 occasione

601 3212 920 3299 temporis
950 3211 1282 3298 impacati,
1315 3210 1532 3276 multa
1573 3210 1830 3275 fuimus
1875 3210 2201 3277 instantia
2246 3210 2605 3296 provocati,
2638 3214 2708 3275 et

601 3312 980 3379 laboratum
1045 3316 1149 3379 est
1217 3312 1399 3398 apud
1444 3333 1566 3377 nos
1587 3310 1637 3349 ¹¹
1695 3311 2045 3378 exactione
2112 3332 2249 3376 non
2307 3311 2583 3389 modica,
2628 3316 2711 3375 ut

600 3412 1144 3499 usurpationibus
1187 3412 1342 3495 iilis,
1389 3434 1542 3479 cum
1585 3411 1885 3478 nondum
1929 3411 2123 3477 nobis
2169 3433 2497 3498 expressae
2540 3412 2709 3477 fuis-

601 3519 765 3592 sent,
828 3515 1244 3583 auctoritatis
1318 3513 1698 3601 apostolicos
1785 3513 2229 3579 conferremus
2304 3513 2708 3579 firmitatem.

603 3616 692 3681 Et
735 3616 860 3683 hoc
903 3617 1206 3703 equidem
1274 3637 1317 3682 a
1373 3616 1716 3703 principio
1809 3615 2125 3681 Processu
2172 3634 2330 3680 vero
2375 3615 2710 3702 temporis,
2735 3628 2986 3679 Commis-

603 3718 955 3785 exsulante
999 3739 1120 3805 pro
1167 3716 1394 3785 debito
1455 3716 1808 3805 pastoralis
1850 3715 2049 3783 officii
2084 3716 2227 3801 jam
2273 3716 2451 3784 dicto
2494 3717 2708 3783 archi-
2731 3694 3021 3812 ssffisschffiae

602 3820 924 3907 episcopm
987 3824 1057 3886 et
1123 3825 1512 3887 consuetum
1559 3817 1871 3885 Ecclesiae
1946 3816 2269 3884 Romanas
2338 3818 2707 3885 subsidium
2732 3827 2853 3879 tion.

601 3923 688 3987 ab
733 3921 944 3989 officio
1005 3926 1234 3989 nostro
1302 3921 1542 4009 saepius
1615 3920 2011 4007 requirente,
2073 3920 2377 3987 misimus
2422 3920 2509 3986 ad
2563 3922 2707 4009 jam

669 4135 686 4167 ι
720 4133 830 4196 sub,
852 4134 928 4196 Οἳ
961 4134 1042 4197 ab,
1070 4135 1136 4197 A,
1160 4135 1221 4185 L.
1770 4133 1792 4167 e
1825 4142 2123 4197 nomm,
2174 4134 2238 4198 Ο,
2282 4136 2362 4197 03
2419 4144 2712 4198 vestrorum,

666 4227 689 4261 ²
718 4229 1025 4288 vacationes,
1051 4226 1118 4277 L.
1706 4214 1778 4275 A,
1799 4212 1859 4277 z,
1881 4214 1943 4264 L,

664 4320 688 4355 ⁸
721 4320 1024 4386 ασοίρσωιι,
1059 4318 1134 4379 0³
1166 4314 1502 4384 meipereut,
1534 4318 1606 4381 A,
1772 4290 1794 4328 ⁷
1827 4290 1950 4341 diss.
1990 4291 2449 4356 constitutionum,
2488 4293 2565 4355 ο3
2601 4311 2715 4347 m-

603 4400 666 4452 Β.
1704 4368 2079 4433 ευεωάἰηίὁω,
2100 4370 2163 4421 1..

667 4506 690 4539 ⁴
1132 4503 1143 4515 ,
1534 4502 1544 4513 ,
1771 4448 1794 4481 ⁸
1815 4449 2015 4513 fratris
2060 4451 2340 4511 nomi,C;
2391 4466 2493 4503 om.
2538 4452 2609 4511 A,
2652 4452 2714 4516 Z,

722 4520 922 4569 requam
943 4516 1084 4553 suum
1097 4518 1203 4552 sane
1226 4500 1406 4567 ephoth
1429 4508 1475 4551 et
1497 4518 1605 4552 stne
1705 4526 1767 4577 L·

605 4580 854 4631 humerali
874 4579 1057 4640 sedere,
1081 4578 1141 4631 C.

1769 4604 1792 4637 ⁹
1832 4606 1993 4670 cuju,
2015 4607 2084 4658 V.

669 4686 691 4719 ⁸
727 4683 928 4751 ephoth,
975 4682 1045 4744 A,
1091 4683 1150 4744 C,
1191 4682 1272 4746 03
1314 4680 1473 4750 ephot,
1519 4682 1602 4741 V;
1773 4681 1819 4715 ¹⁰
1854 4682 1963 4743 hoc,
1986 4685 2074 4744 A,
2108 4682 2227 4746 ltoec,
2252 4686 2314 4735 L.

603 4762 780 4831 ephod,
800 4763 863 4813 L.
1775 4760 1812 4793 ²¹
1848 4760 1996 4827 apud
2018 4778 2127 4825 nos,
2150 4763 2213 4823 C,
2236 4763 2305 4823 Z,
2341 4778 2425 4813 om
2466 4764 2537 4826 A,
2558 4764 2621 4815 L.
