3634 5800
935 845 1064 912 252
1815 863 2174 917 EPISTOLAE.
2656 851 2813 937 [ΑΒ.
2849 853 3041 924 1170.

934 1057 967 1082 “
1013 1050 1087 1113 in
1132 1060 1200 1116 te
1246 1051 1452 1116 frater
1505 1056 1681 1129 tum,
1726 1052 1998 1139 increpa
2057 1050 2270 1131 illum,
2316 1058 2386 1118 et
2428 1052 2488 1118 si
2505 1053 2531 1092 ¹
2573 1054 3042 1139 poenitentiam

934 1169 968 1195 “
1014 1164 1237 1249 egerit,
1284 1163 1548 1229 dimitte
1594 1165 1706 1230 illi.
1802 1165 1894 1230 Et
1937 1166 1994 1229 si
2019 1163 2045 1204 ²
2103 1165 2177 1230 in
2223 1165 2329 1231 die
2375 1166 2748 1252 peccaverit
2813 1167 2888 1231 in
2953 1172 3040 1244 te,

931 1271 964 1299 “
1012 1271 1083 1330 et
1124 1266 1367 1353 septies
1429 1267 1505 1330 in
1549 1268 1658 1332 die
1704 1289 2057 1334 conversus
2103 1268 2309 1333 fuerit
2351 1269 2438 1334 ad
2481 1273 2570 1347 te,
2618 1269 2843 1334 dicens
2887 1269 3041 1334 Ρω-

933 1377 967 1404 “
1012 1368 1185 1434 nitet
1236 1391 1358 1447 me,
1405 1369 1670 1436 dimitte
1714 1371 1870 1436 illi.’'
1963 1370 2298 1438 Poeniteat
2342 1393 2512 1458 erge,
2558 1371 2616 1436 si
2663 1377 2883 1438 vestro
2930 1372 3040 1436 vel

931 1470 1146 1536 alieno
1188 1471 1555 1539 ministerio
1572 1469 1599 1509 ³
1664 1473 2072 1538 fructuosam
2138 1473 2468 1539 desiderat
2533 1495 2802 1559 pacem3
2865 1473 3038 1558 quia,

930 1578 1010 1636 ut
1054 1573 1153 1637 ait
1196 1572 1567 1659 apostolus:
1634 1574 1827 1639 Nulli
1873 1580 2102 1641 contra
2147 1576 2496 1641 veritatem
2543 1575 2798 1661 aliquid
2843 1574 3043 1640 licet.⁴

932 1672 1075 1740 Nec
1136 1675 1405 1740 omnino
1467 1675 1835 1741 dimittitur
1909 1682 2268 1763 peccatum,
2335 1677 2485 1754 nisi,
2553 1698 2703 1742 cum
2764 1677 3042 1743 facultas

931 1774 1152 1852 adsit‚⁵
1212 1776 1609 1842 restituatur
1675 1776 1991 1842 ablatum.
2083 1777 2226 1842 Aut
2293 1779 2471 1843 enim
2539 1777 2746 1843 verba
2789 1774 3038 1843 Christi

932 1877 1365 1963 superfluunt,
1430 1882 1553 1942 aut
1618 1879 1975 1955 conversiO,
2033 1880 2451 1966 poenitentia,
2511 1884 2580 1944 et
2609 1877 2636 1918 ⁶
2681 1900 2838 1944 vera
2890 1901 3041 1944 con-

932 1977 1131 2043 fessio
1176 1979 1539 2045 necessaria
1576 1985 1734 2044 sunt
1778 1980 1866 2045 ad
1910 1981 2174 2046 veniam
2220 1981 2734 2066 promerendam.

1823 2415 2144 2485 DCXLV.

984 2568 1031 2633 J
1032 2585 1304 2634 OANNES
1348 2569 1931 2635 SARESBERIENSIS
1975 2572 2301 2635 Bonum-o
2347 2587 2688 2636 sAcmsTAE
2710 2568 2737 2610 ⁷
2783 2569 2998 2656 [CAN-

1776 2673 2198 2758 TUARIENSI}
2229 2723 2232 2726 .

1326 2823 1417 2887 (Θ.
1443 2827 1571 2883 205;
1610 2824 1666 2873 Ζ.
1692 2840 1741 2872 v.
1769 2829 1828 2873 13
1851 2847 1865 2884 3
1901 2825 2032 2887 Lup.
2059 2841 2109 2873 v.
2140 2828 2225 2883 13;
2265 2825 2352 2875 Jo.
2377 2824 2486 2875 Sar.
2511 2826 2654 2884 294.)

599 2975 873 3038 Prospects
1023 2956 1463 3020 Devotionem
1524 2967 1756 3041 quam·
1783 2956 2045 3021 habetis
2069 2956 2094 2994 ⁸
2154 2956 2238 3020 ad
2317 2980 2421 3021 me
2491 2957 2768 3021 nuntius
2829 2961 3048 3021 vester

598 3040 657 3091 of
674 3057 843 3106 peace.
935 3057 1290 3143 diligenter
1333 3058 1659 3142 exposuit,
1708 3062 1777 3121 et
1823 3079 1928 3121 me
1973 3079 2108 3121 non
2153 3058 2566 3123 mediocriter
2611 3058 2698 3123 ad
2764 3058 3045 3123 referen-

936 3160 1053 3224 das
1120 3161 1389 3244 gratias,
1452 3164 1779 3245 quantum
1845 3159 2065 3224 verbis
2134 3162 2374 3246 potuit,
2443 3161 2779 3246 obligavit.
2875 3161 3045 3227 Cum

933 3262 1112 3326 enim
1158 3283 1263 3326 me
1330 3267 1523 3326 tanto
1570 3261 1791 3327 exsilii
1857 3274 2151 3347 tempore
2197 3268 2454 3327 veteres
2521 3264 2715 3329 amici
2784 3282 3048 3350 prorsus

934 3364 1275 3428 omiserint
1320 3369 1388 3427 et
1432 3364 1966 3448 contempserint,
2015 3364 2115 3427 illi
2138 3362 2164 3401 ⁹
2211 3366 2327 3449 qui
2360 3364 2594 3429 saltem
2641 3366 2816 3430 bona
2847 3365 3049 3429 verba

933 3465 1059 3530 sub
1101 3464 1227 3531 hac
1272 3470 1666 3550 tempestate
1732 3465 2116 3550 proscriptis
2163 3467 2668 3544 communicant,
2712 3466 2817 3531 his
2886 3488 3048 3551 quos

935 3566 1052 3631 alii
1097 3572 1648 3651 contempserunt,
1718 3567 2086 3651 praesertim
2151 3589 2300 3632 cum
2346 3568 2626 3633 facultas
2690 3589 2824 3633 non
2891 3588 3047 3653 sup-

936 3672 1123 3753 petat
1168 3674 1248 3732 ut
1293 3689 1401 3732 eos
1448 3689 1643 3753 opere
1713 3667 2150 3745 consolentur,
2211 3668 2570 3753 amicitiam
2635 3675 2836 3756 prout
2899 3690 3047 3753 pos-

936 3775 1096 3835 sunt
1167 3771 1479 3834 videntur
1544 3768 1771 3846 colere,
1838 3775 1907 3835 et
1973 3770 2355 3835 ulteriorem
2429 3772 2714 3855 gratiam
2790 3792 3048 3856 prome-

934 3874 1082 3937 reri.
1176 3873 1519 3958 Siquidem
1616 3872 1789 3937 ratio
1879 3894 2015 3936 non
2089 3873 2312 3937 minus
2387 3874 2758 3937 animorum
2847 3894 3046 3958 quam

936 3996 1153 4039 rerum
1186 3988 1421 4059 pensat
1465 3974 1815 4060 impendia,
1851 3978 2202 4059 censetque
2247 3975 2746 4059 praeponderare
2792 3974 3044 4039 lancem

1007 4210 1023 4243 ¹
1058 4212 1121 4271 si,
1143 4209 1257 4271 ins„
1278 4211 1376 4259 but
1395 4216 1486 4259 not
1510 4208 1564 4257 in
1584 4210 1699 4258 Lat.
1715 4210 1948 4274 Vulgate
2104 4208 2125 4240 ὅ
2163 4206 2311 4266 absit,
2337 4208 2400 4259 Ο.

943 4291 1095 4353 (Luc.
1120 4288 1245 4339 xvii.
1272 4292 1350 4350 4).
2105 4285 2126 4317 ⁶
2161 4292 2226 4346 et,
2249 4303 2348 4336 om.
2375 4288 2438 4337 L.

1007 4368 1029 4401 ²
1062 4369 1245 4433 septies
1270 4367 1323 4416 in
1346 4366 1444 4429 die,
1466 4367 1526 4416 L.
2105 4364 2126 4401 7
2161 4365 2360 4415 cuidam
2381 4366 2538 4415 amico
2561 4366 2670 4427 (for
2683 4364 2753 4415 R.
2770 4367 3048 4429 sacr-iste),

1008 4446 1030 4479 ³
1061 4446 1351 4505 ministerio,
1374 4460 1473 4494 om.
1499 4444 1559 4493 L.
2039 4442 2101 4493 L.

1008 4526 1031 4558 ⁴
1066 4525 1295 4587 Perhaps
1328 4524 1415 4573 the
1448 4526 1709 4572 reference
1740 4538 1862 4587 may
1889 4524 1952 4571 be
2108 4523 2131 4554 ⁸
2168 4520 2338 4582 habes,
2363 4524 2427 4574 G.

940 4614 999 4655 to
1025 4604 1097 4654 11.
1126 4604 1246 4655 Cor.
1272 4602 1381 4651 xiii.
1403 4607 1457 4661 8,
1480 4609 1511 4631 ‘⁰
1527 4602 1647 4651 Non
1678 4600 1812 4649 enim
1838 4616 1956 4663 pos-
2117 4600 2138 4633 ⁹
2171 4601 2270 4663 illi,
2292 4604 2350 4662 Z,
2373 4602 2452 4661 L;
2487 4602 2611 4664 illis,
2635 4605 2700 4666 O,
2725 4604 2785 4655 3.

942 4688 976 4712 ·‘
1017 4696 1192 4731 sumus
1210 4678 1400 4743 aliquid
1416 4681 1659 4729 adversus
1674 4677 1957 4738 veritatem,

937 4764 971 4791 “
1010 4762 1103 4811 sed
1126 4776 1221 4824 pro
1245 4758 1511 4809 veritate.”
