3634 5800
626 902 759 961 ΔΛ).
796 892 1016 977 1171.]
1508 906 1870 955 amsa-orm.
2323 978 2350 1001 ·
2611 892 2743 956 459

628 1091 833 1157 tionis
900 1090 1145 1157 debitae
1208 1090 1624 1156 infunderem
1670 1111 1882 1177 usque
1926 1092 2014 1156 ad
2063 1090 2280 1157 cordis
2334 1090 2439 1157 tui
2498 1091 2741 1158 contri-

630 1194 916 1269 tionem3
985 1198 1056 1258 et
1100 1193 1227 1259 hoc
1272 1196 1377 1258 est
1419 1213 1615 1279 agere
1676 1191 2168 1258 misericordem
2214 1193 2286 1257 in
2329 1193 2455 1259 hoc
2500 1213 2738 1279 genere

628 1295 837 1360 fuisse
912 1294 1260 1362 crudelem.
1380 1293 1563 1359 Dum
1625 1314 1745 1358 vos
1821 1294 2242 1379 alloquimur,
2308 1294 2410 1358 fili
2456 1294 2731 1371 excelse,

628 1398 917 1463 blandiri
946 1396 1137 1463 vobis
1180 1416 1304 1462 nec
1332 1397 1631 1462 volentes
1675 1415 1799 1461 nec
1845 1395 2178 1474 debenteS,
2209 1394 2738 1483 indignationem

628 1498 797 1563 forte
866 1503 1055 1563 tuam
1119 1497 1436 1564 adversus
1498 1518 1621 1563 nos
1684 1496 2208 1573 concitabimus3
2270 1496 2442 1561 nihil
2488 1519 2735 1576 vereor,

631 1621 753 1667 nec
834 1600 1003 1667 facio
1096 1600 1387 1666 animam
1478 1620 1693 1667 meam
1784 1601 2240 1687 pretiosiorem
2336 1621 2536 1685 quam
2611 1624 2735 1667 me.

628 1702 871 1769 Melius
915 1708 1016 1769 est
1058 1702 1243 1781 mihi,
1275 1722 1429 1768 cum
1472 1701 1591 1768 illa
1632 1722 1675 1769 a
1720 1701 1980 1768 duobus
2025 1702 2298 1767 senibus
2343 1702 2735 1769 inveteratis

630 1805 887 1871 dierum
934 1805 1259 1871 malorum
1302 1808 1627 1882 accusata,
1656 1804 1946 1882 incidere
1991 1805 2066 1869 in
2111 1824 2348 1869 manus
2391 1802 2738 1870 hominum

629 1906 875 1993 absque
922 1928 1116 1993 opere
1184 1906 1378 1985 male,
1426 1927 1577 1971 cum
1646 1905 2042 1971 obtruncato
2112 1906 2380 1971 domiuo
2445 1904 2738 1973 Cantua-

627 2010 847 2089 riensi,
894 2030 1093 2095 quam
1155 2008 1229 2072 in
1286 2028 1523 2073 manus
1568 2006 1696 2072 Dei
1741 2008 2055 2085 viventis,
2101 2008 2281 2092 quod
2339 2006 2738 2073 horrendum

627 2111 935 2179 credebat
991 2111 1295 2197 gentium
1356 2110 1597 2176 doctor.
1689 2109 1976 2175 Pereant
2035 2130 2154 2196 per
2201 2131 2308 2175 me
2351 2109 2510 2177 licet
2561 2110 2740 2176 bona

628 2218 859 2280 nostra
924 2212 1331 2300 temporalia,
1406 2212 1601 2277 modo
1656 2232 1795 2277 non
1855 2213 2130 2278 amittat
2190 2216 2442 2279 aeterna
2514 2214 2740 2277 anima

629 2322 768 2394 tua,
795 2336 916 2403 pro
960 2336 1095 2401 qua
1140 2313 1450 2381 Christus
1494 2318 1797 2379 mortuus
1845 2318 1966 2392 est,
2004 2315 2236 2400 justus
2281 2335 2402 2399 pro
2447 2314 2736 2401 injustis.

631 2418 924 2505 Longius
983 2417 1286 2503 progredi
1347 2420 1417 2481 et
1476 2415 1733 2481 diutius
1794 2420 2017 2482 tecum
2061 2415 2313 2480 versari
2375 2417 2508 2483 duo
2569 2418 2737 2481 mihi

631 2520 1003 2607 prohibent,
1055 2518 1395 2584 silentium
1442 2517 1865 2605 imponendo.
1954 2516 2194 2597 Primo,
2241 2516 2553 2605 majestas
2617 2523 2740 2586 tua

630 2644 831 2711 supra
872 2622 1049 2687 vires
1108 2620 1524 2687 exsecrandis
1592 2619 1967 2707 compedita
2031 2624 2101 2684 et
2155 2618 2364 2683 'nimis
2432 2620 2738 2687 involuta

631 2724 934 2811 negotiis,
980 2743 1179 2809 quam
1223 2722 1572 2787 innocente
1618 2722 1765 2787 fuso
1796 2720 2119 2807 sanguine
2165 2720 2506 2788 lethaliter
2549 2722 2738 2788 doleo

629 2826 1006 2893 sauciatam.
1099 2824 1419 2902 Secundo,
1450 2823 1905 2911 contagiosum
1948 2821 2144 2889 hocce
2189 2821 2434 2887 vulnus
2481 2844 2738 2889 excom-

629 2928 1098 2996 municationis
1173 2927 1247 2993 in
1320 2927 1546 2992 anima
1634 2931 1753 2992 tua
1843 2925 2175 2992 inflictum
2249 2925 2556 3011 prohibet
2629 2949 2736 2992 me

630 3039 851 3099 tecum
893 3051 1105 3118 agere,
1149 3051 1235 3095 ne
1292 3034 1434 3095 tam
1494 3029 1863 3114 perniciosa
1924 3027 2070 3093 labe
2131 3027 2470 3094 inficiatur
2512 3030 2736 3096 anima

630 3155 777 3200 mea
837 3131 1171 3220 quondam
1231 3136 1366 3209 tua,
1430 3129 1562 3195 nisi
1624 3151 1906 3215 usquam
1967 3129 2349 3217 resipiscas;
2423 3131 2737 3217 quoniam

627 3236 951 3303 sanctiore
1027 3233 1227 3299 titulo
1297 3231 1608 3319 prohibet
1676 3231 1926 3297 Paulus
2000 3231 2296 3297 scribens
2366 3231 2735 3300 Corinthiis

628 3360 765 3405 non
839 3335 1245 3404 commisceri
1306 3355 1427 3400 nec
1494 3332 1716 3400 cibum
1781 3354 2043 3399 sumere
2111 3354 2262 3400 cum
2328 3335 2548 3399 avaris
2617 3340 2740 3402 aut

626 3440 988 3529 rapacibus.
1114 3437 1249 3503 Sed
1310 3441 1376 3502 et
1423 3436 1787 3523 discipulus
1857 3457 2057 3522 quem
2134 3435 2461 3522 diligebat
2521 3437 2569 3502 J
2570 3460 2736 3517 esus,

629 3542 1095 3612 commendans
1138 3540 1361 3606 electae
1424 3539 1711 3604 dominae
1770 3543 1843 3604 et
1908 3537 2086 3602 natis
2163 3537 2306 3623 ejus
2373 3539 2738 3620 caritatem,

631 3655 667 3684 “
714 3646 789 3712 Si
856 3644 1003 3731 quis
1048 3642 1241 3708 venit
1302 3640 1389 3708 ad
1433 3662 1573 3721 vos,
1619 3645 1688 3706 et
1762 3641 1937 3707 hanc
2004 3639 2304 3706 caritatis
2369 3642 2736 3708 doctrinam

630 3757 666 3786 “
710 3768 849 3812 non
908 3745 1120 3821 affert,
1183 3742 1395 3810 nolite
1462 3743 1749 3829 recipere
1814 3743 1889 3806 in
1957 3742 2247 3820 domum,
2289 3764 2414 3809 nec
2471 3743 2616 3810 Ave
2675 3747 2736 3812 ei

631 3861 667 3888 “
712 3848 1052 3928 dixeritis3
1098 3847 1215 3933 qui
1260 3847 1441 3912 enim
1485 3845 1653 3911 dicit
1696 3845 1797 3910 illi
1828 3843 1990 3921 Ave,
2034 3845 2480 3912 communicat
2524 3849 2734 3934 operi-

630 3962 667 3992 “
712 3955 837 4020 bus
881 3953 1024 4038 ejus
1068 3949 1435 4037 malignis.”
1520 3949 1623 4014 Tu
1662 3953 1906 4028 autem,
1938 3949 2054 4034 qui
2098 3949 2278 4015 nosti
2323 3951 2500 4036 quod
2545 3972 2733 4037 opor-

627 4059 731 4123 tet
773 4075 894 4120 nos
937 4057 1242 4118 mutuam
1288 4051 1501 4118 vicem
1567 4049 1843 4116 reddere
1905 4050 2300 4139 parentibus
2359 4052 2733 4118 animarum

629 4163 1025 4231 nostrarum,
1086 4152 1406 4240 intelligis
1469 4173 1589 4218 nos
1651 4155 1874 4219 tecum
1950 4173 2087 4217 non
2150 4150 2437 4242 amplius
2499 4153 2736 4222 debere

628 4256 1125 4332 communicare,
1170 4252 1301 4318 nisi
1361 4253 1545 4339 prius
1592 4253 1973 4338 deposueris
2027 4253 2248 4320 sordes
2293 4254 2534 4324 animae
2579 4263 2732 4326 tuae.

630 4365 797 4430 Erat
869 4359 916 4425 J
916 4356 1299 4442 erosolymis
1372 4355 1717 4442 probatica
1788 4355 2060 4442 piscina,
2130 4354 2267 4433 ubi,
2311 4362 2496 4426 mota
2541 4381 2730 4448 aqua,

630 4467 746 4553 qui
806 4462 991 4550 prius
1060 4457 1498 4524 descendebat
1563 4456 1637 4520 in
1698 4477 1846 4521 eam
1922 4456 2297 4524 sanabatur.
2423 4459 2599 4529 Sunt
2665 4470 2736 4530 et

628 4569 859 4634 Romae
916 4560 1253 4627 natatoria
1300 4557 1495 4636 Siloe,
1544 4557 1723 4643 quod
1774 4559 2258 4644 interpretatur
2301 4559 2572 4642 missus,
2617 4587 2732 4631 seu

629 4665 983 4756 ammom,
1040 4661 1356 4748 quoniam
1422 4659 1517 4725 ibi
1584 4659 1950 4745 apostolica
2013 4659 2220 4740 sedes,
2283 4684 2432 4749 quae
2505 4685 2730 4750 pecca-

628 4777 807 4841 tores
869 4764 1121 4854 excipit
1182 4764 1269 4828 ad
1337 4760 1820 4849 poenitentiam.
1937 4761 2125 4830 Vade
2189 4764 2416 4850 itaque
2460 4767 2546 4832 ad
2590 4767 2732 4836 haec
