3634 5800
546 873 677 928 Aa).
716 867 747 928 1
761 862 937 950 1¹71.]
1416 881 1776 932 nmsrom.
2525 867 2656 932 489

549 1063 692 1147 ejus
756 1063 1057 1131 felicibus
1126 1065 1385 1133 actibus
1449 1065 1868 1144 detrectans,1
1930 1085 2270 1153 genusque
2333 1065 2657 1152 imprope-

548 1184 719 1240 rans,
752 1167 1122 1252 opprobriis
1150 1167 1497 1233 lacessivit
1595 1165 1970 1253 Supersunt
2000 1167 2250 1253 scripta
2292 1187 2334 1231 a
2379 1166 2611 1230 multis
2634 1163 2660 1204 ²

548 1264 887 1332 intellecta
930 1269 1219 1354 satisque
1265 1273 1515 1349 notata,
1563 1291 1713 1354 quae
1773 1268 2071 1334 animum
2131 1267 2188 1354 ej
2197 1289 2274 1332 us
2318 1267 2659 1333 evidenter

551 1366 966 1436 denuntiant.
1058 1370 1435 1438 Insui-rexit
1500 1371 1681 1437 filius
1724 1373 1798 1437 in
1873 1377 2149 1458 patrem,
2220 1370 2518 1436 Absalon
2583 1370 2658 1433 in

550 1467 791 1548 David,
865 1470 914 1537 J
914 1472 1078 1538 udas
1152 1474 1227 1538 in
1272 1473 1704 1552 Salvatorem,
1770 1479 1842 1540 et
1904 1495 2027 1562 pro
2101 1493 2171 1538 se
2245 1477 2652 1559 pugnantem

550 1570 988 1659 impugnavit,
1070 1597 1218 1640 cum
1295 1597 1425 1662 quo
1502 1597 1711 1662 usque
1791 1575 1879 1642 ad
1953 1575 2339 1662 sanguinem
2408 1579 2659 1641 certare

552 1674 800 1753 debuit,
875 1677 1104 1764 lingua
1178 1679 1616 1745 concinnante
1708 1679 1894 1744 dolos
1982 1677 2258 1744 insidias
2349 1677 2658 1744 tetendit.
2745 1690 2752 1694 ’

552 1776 729 1857 Quot
773 1779 1247 1872 appellationes
1294 1781 1653 1858 dilatorias,
1706 1781 2180 1857 frustratorias
2225 1779 2430 1846 falsas
2475 1779 2652 1844 fece-

550 1879 656 1954 rit,
750 1885 827 1944 ut
909 1886 1285 1948 sanctorum
1375 1889 1641 1969 patrum
1740 1887 1999 1948 statuta
2109 1882 2477 1968 diffugeret,
2576 1885 2656 1946 ut

551 1985 813 2066 tempus
857 1984 1270 2070 malignandi
1316 1984 1684 2063 redimeret,
1734 1985 1885 2070 quis
1931 2007 2054 2050 nor
2116 1985 2362 2051 novit?
2452 1985 2518 2048 N
2524 2005 2655 2050 unc

549 2087 803 2148 tractus
834 2083 1113 2151 Romam
1146 2085 1355 2166 vadit,
1386 2086 1618 2152 mallet
1648 2085 2090 2174 Babyloniam
2133 2087 2332 2152 adire.
2427 2085 2650 2165 Quan-

549 2188 624 2249 ta
698 2185 1101 2272 malignatus
1176 2193 1277 2252 est
1353 2188 1423 2251 in
1500 2190 1801 2254 sanctum
1883 2188 2052 2253 Dei!
2121 2186 2334 2254 Cham
2402 2192 2658 2273 patrem

550 2285 802 2350 nudum
879 2288 1184 2353 deridens
1276 2288 1810 2355 maledictionem
1887 2289 2150 2354 meruit.
2290 2289 2428 2354 Iste
2518 2309 2654 2353 non

549 2394 805 2474 patrem
844 2387 1145 2468 nudum,
1223 2390 1337 2455 sed
1411 2390 1458 2455 J
1459 2413 1574 2456 esu
1646 2391 1914 2456 Christo
1937 2389 1964 2430 ³
2033 2392 2348 2456 indutum
2394 2390 2469 2454 in
2513 2391 2659 2455 vita

550 2492 822 2577 sprevit,
867 2499 1019 2578 post
1084 2499 1365 2559 mortem
1431 2494 1681 2560 derisit.
1776 2493 2116 2571 Miracula,
2181 2494 2405 2580 qualia
2450 2515 2492 2559 a
2535 2515 2656 2558 sae-

551 2593 718 2660 eulis
738 2593 767 2632 4
808 2616 946 2660 non
998 2601 1158 2660 sunt
1202 2596 1449 2673 audita,
1498 2596 1852 2682 qualiaque
1883 2596 2180 2683 quotidie
2211 2618 2328 2682 per
2357 2601 2661 2661 sanctum

558 2701 921 2781 martyrem
967 2697 1287 2762 Tbomam
1318 2697 1509 2774 fiunt,
1554 2699 1787 2763 multis
1821 2696 2306 2784 praesentibus,¹⁵
2348 2701 2662 2784 operante

552 2795 925 2862 Beelzebub
966 2798 1143 2886 facta
1186 2800 1667 2885 pronuntiavit.
1764 2799 1943 2878 Quid
1987 2798 2274 2884 amplius
2319 2798 2549 2864 scribae
2595 2804 2664 2864 et

550 2899 874 2987 pharisaei,
922 2899 1189 2966 Christo
1212 2902 1569 2967 fecerunt?
1634 2901 1852 2987 Opera
1899 2901 2187 2988 Spiritus
2234 2901 2462 2966 Sancti
2493 2899 2664 2966 dice-

552 3003 717 3067 bant
772 3002 1033 3081 diaboli,
1099 3004 1173 3067 in
1239 3002 1566 3089 Spiritum
1612 3002 1931 3069 Sanctum
2000 3008 2380 3090 peccantes;
2449 3003 2665 3067 zelum

550 3104 887 3169 habebant
932 3105 1077 3183 Dei,
1124 3106 1239 3171 sed
1283 3127 1419 3171 non
1472 3107 1830 3172 secundum
1876 3106 2233 3172 scientiam.
2327 3106 2483 3184 Iste,
2529 3126 2664 3169 non

552 3206 770 3271 minus
841 3228 1116 3293 peccans
1161 3207 1375 3273 zelum
1418 3208 1621 3275 habet
1667 3209 1912 3275 diaboli
1957 3210 2317 3275 secundum
2361 3208 2664 3274 inviden-

550 3308 730 3373 tiam.
809 3306 1011 3373 Dolet
1055 3310 1325 3375 ecclesia
1367 3330 1489 3375 suo
1518 3311 1784 3396 privata
1814 3312 2053 3398 capite,
2096 3312 2282 3398 luget
2325 3312 2500 3376 bona
2544 3332 2666 3376 sua

551 3409 905 3487 confiscari,
952 3414 1180 3476 sancta
1240 3411 1624 3489 conculcari,
1694 3412 1947 3498 lapides
2015 3412 2319 3499 dispergi,
2365 3412 2504 3478 fere
2579 3412 2665 3476 ad

553 3512 1015 3597 paganismum
1061 3514 1289 3601 redigi.
1386 3514 1538 3578 Nisi
1583 3514 1844 3600 gladius
1892 3514 2071 3579 Petri
2118 3515 2486 3593 subveniat,
2533 3515 2664 3579 nisi

551 3618 740 3699 pater
806 3614 981 3692 filiis,
1048 3620 1261 3681 mater
1329 3614 1501 3694 filiae,
1570 3622 1928 3691 succurrat,
1997 3622 2144 3683 tota
2187 3616 2472 3683 ecclesiae
2516 3638 2666 3703 pro-

550 3716 780 3802 genies
857 3716 1379 3796 contristabitur,
1470 3740 1691 3804 quare,
1768 3741 2022 3786 summe
2095 3728 2301 3807 pater,
2377 3719 2660 3786 extende
2686 3733 2942 3784 Exhorta-

551 3838 839 3895 manum,
885 3818 1099 3905 arripe
1144 3818 1457 3905 gladium,
1504 3820 1701 3885 allide
1746 3821 2172 3901 adversarios,
2220 3828 2290 3888 et
2333 3822 2659 3889 confunde
2681 3798 2942 3931 *ἕζιξζρα

549 3919 847 3985 inimicos
878 3919 1180 3987 ecclesiae.
1274 3921 1484 3986 Eleva
1512 3942 1786 3991 manum
1819 3943 1966 3988 cum
2000 3925 2249 4010 Moyse,
2293 3946 2416 3990 nec
2459 3925 2660 4010 depo-

550 4043 669 4087 nas
715 4043 866 4088 cum
908 4020 956 4087 J
956 4044 1130 4101 osue,
1176 4024 1384 4089 donec
1435 4023 1656 4089 hostes
1718 4038 1839 4090 aut
1883 4026 2283 4111 poenitentes
2326 4027 2413 4094 ad
2459 4027 2660 4094 eecle-

550 4124 717 4189 siam
778 4122 1073 4201 redeant,
1136 4129 1258 4189 aut
1330 4125 1829 4212 impoenitentes
1897 4127 2245 4193 intereant.
2335 4128 2404 4193 N
2406 4149 2494 4194 on
2561 4134 2662 4195 est

550 4247 715 4312 opus
782 4224 1017 4303 verbis,
1092 4226 1208 4292 sed
1282 4226 1593 4306 verbere3
1664 4249 1911 4314 pravus
1985 4229 2160 4294 filius
2235 4230 2455 4295 verbis
2531 4252 2664 4296 non

553 4327 944 4414 corripitur3
988 4328 1271 4415 castigat
1313 4333 1503 4414 pater
1528 4330 1741 4394 fflium
1788 4353 1984 4416 quem
2031 4332 2266 4419 diligit
2356 4333 2662 4401 Derisore

550 4450 873 4516 percuss0,
948 4428 1065 4493 filii
1109 4430 1532 4516 corrigentur.
1624 4431 1770 4497 Hoc
1815 4432 1959 4509 tibi,
2005 4434 2376 4501 venerande
2451 4440 2660 4521 pater,

618 4632 635 4665 ¹
670 4633 945 4695 dett-etates,
966 4631 1077 4684 Liv.
1723 4636 1747 4669 ⁴
1776 4634 1973 4699 secedo,
1993 4636 2106 4689 Liv.

616 4712 639 4746 ²
670 4712 897 4779 amplias,
922 4712 1038 4763 Liv.
1066 4712 1173 4774 (for
1193 4730 1229 4763 a
1260 4712 1468 4775 multis).
1720 4715 1743 4748 ⁵
1776 4722 1845 4777 et,
1868 4714 1961 4767 ins.
1985 4715 2050 4765 1..

618 4792 639 4825 ⁸
671 4790 847 4843 Jesum
876 4790 1151 4856 Christum,
1171 4791 1287 4843 Liv.
1352 4806 1359 4809 ·
