3634 5800
530 1866 639 1916 The
662 1868 805 1917 arch-

530 1932 757 1997 bishop’s

530 2008 718 2050 return.

530 2686 625 2735 His
642 2702 832 2739 uncon·

523 2752 749 2819 ciliating

523 2819 819 2875 behaviour.

872 842 1003 905 424
1746 858 2105 907 Erlsromn.
2595 845 2752 930 [AD.
2787 847 2916 915 117
2919 852 2976 913 0.

870 1047 1176 1112 cedentes
1222 1048 1636 1127 acerbitateS‚
1666 1049 1752 1114 ob
1798 1051 2220 1117 devotionem
2249 1056 2492 1118 vestrae
2536 1052 2972 1138 paternitatis

869 1149 1219 1217 clementia
1262 1152 1716 1229 commutavit,
1760 1153 1926 1219 adeo
1970 1159 2049 1219 ut
2093 1155 2447 1220 miraretur
2491 1155 2632 1241 ipse
2677 1156 2854 1242 quod
2905 1156 2978 1221 id

870 1255 999 1320 sibi
1044 1259 1339 1343 potuerit
1382 1259 1703 1345 imperare
1748 1258 1857 1323 vel
1901 1259 2290 1347 cujusquam
2313 1261 2338 1300 1
2384 1262 2762 1349 impendere
2811 1262 2976 1329 cari-

872 1358 1017 1425 tati.
1110 1359 1278 1425 Inde
1347 1367 1489 1427 erat
1558 1361 1733 1447 quod
1796 1383 2143 1448 personam
2187 1367 2479 1429 vestram
2547 1366 2730 1429 omni
2753 1362 2780 1402 ²
2847 1362 2974 1429 sibi

868 1465 1163 1547 tempore
1186 1460 1213 1499 ³
1274 1461 1763 1528 ferventissima
1830 1462 2104 1529 caritate
2149 1464 2455 1531 credebat
2519 1464 2662 1531 fore
2710 1466 2974 1532 devinc-

868 1569 1028 1643 tam,
1074 1565 1235 1649 quia
1278 1565 1399 1630 soli
1445 1566 1633 1631 vobis
1678 1566 1936 1631 remisit
1980 1566 2156 1652 quod
2202 1572 2346 1632 erat
2389 1566 2681 1634 humano
2724 1568 2973 1655 generi,

866 1666 923 1727 si
969 1670 1239 1751 peteret,
1286 1670 1646 1752 regaturne.
1742 1666 2032 1733 Reddita
2076 1672 2176 1733 est
2220 1668 2446 1755 itaque
2499 1692 2604 1735 me
2648 1675 2972 1757 praesente

865 1765 1352 1855 archiepiscopo
1397 1790 1532 1854 pax
1578 1773 1646 1833 et
1690 1770 1924 1854 gratia,
1972 1774 2040 1835 et
2083 1770 2169 1835 ad
2215 1770 2356 1855 ejus
2403 1772 2834 1848 voluntatem,
2856 1793 2973 1857 per

866 1870 1142 1934 nuntios
1189 1869 1434 1935 simu1⁴
1462 1876 1531 1935 et
1576 1870 1852 1949 litteras,
1881 1872 1965 1936 ad
2013 1872 2325 1937 universa
2356 1896 2503 1959 quae
2549 1872 2970 1960 possederat⁶

865 1973 1233 2050 restitutus,
1296 1974 1369 2037 in
1436 1973 1747 2059 Angliam
1816 1996 1858 2039 a
1933 1974 2306 2041 domesticis
2379 1977 2552 2063 regis
2629 1976 2968 2053 deductus»,

861 2073 1104 2161 ibique,
1137 2096 1221 2140 ex
1250 2074 1598 2160 utriusque
1630 2074 1800 2161 regis
1845 2077 2179 2154 mandatO,
2226 2100 2481 2144 summo
2528 2101 2677 2145 cum
2706 2078 2954 2143 honore

867 2198 1252 2263 summaque
1296 2177 1743 2264 gratulatione
1788 2184 2089 2265 receptus
2135 2184 2250 2245 est.
2342 2180 2550 2246 Facta
2593 2202 2732 2246 esse
2784 2181 2968 2246 vide-

862 2280 1063 2345 batur
1132 2278 1579 2365 tranquillitas
1643 2302 1903 2366 magna,
1948 2286 2016 2345 et
2083 2281 2156 2344 in
2218 2282 2633 2349 devotionem
2678 2289 2970 2348 vestram

862 2381 1084 2448 omnia
1150 2383 1421 2448 reducta
1440 2380 1468 2421 ⁶
1521 2388 1728 2460 erant,
1774 2387 1845 2448 et
1907 2382 2100 2448 ambo
2145 2406 2327 2471 reges
2390 2385 2474 2450 ad
2523 2385 2969 2451 obedientiam

861 2489 1146 2549 vestram
1179 2478 1426 2570 pariter
1472 2489 1539 2549 et
1568 2483 1913 2550 humiliter
1943 2484 2260 2551 inclinati.
2353 2486 2504 2575 Ipse
2548 2509 2708 2553 vero
2759 2487 2971 2574 (quod

858 2586 1003 2651 sine
1065 2586 1287 2652 dolore
1354 2586 1553 2652 simul
1574 2585 1598 2627 ⁷
1664 2592 1735 2652 et
1801 2587 2040 2653 rubore
2103 2588 2316 2653 dicere
2390 2610 2524 2655 non
2592 2590 2970 2676 possumus)

855 2689 1156 2774 portavit
1198 2689 1271 2753 in
1316 2689 1623 2755 manibus
1668 2690 1890 2775 ignem
1937 2694 2006 2754 et
2049 2689 2365 2775 gladium,
2413 2695 2481 2755 et
2544 2691 2658 2776 qui
2711 2692 2969 2757 venisse
3051 2710 3060 2717 ·

859 2791 1249 2877 sperabatur
1310 2791 1384 2854 in
1448 2791 2034 2868 benedictionibus,
2100 2792 2475 2877 tranquillae
2529 2792 2707 2879 pacis
2771 2794 2971 2859 initia

861 2894 1048 2960 visus
1094 2899 1194 2960 est
1259 2892 1846 2960 maledictionibus
1912 2893 2260 2976 infecisse3
2307 2899 2564 2976 vestrae,
2609 2901 2690 2962 ut
2755 2896 2969 2973 aiunt,

853 2995 1287 3084 indulgentiae
1330 2998 1661 3063 beneficiis
1706 2998 1970 3077 abusus,
2017 2999 2133 3084 qui
2195 2999 2601 3086 rescriptum,
2649 2999 2827 3085 quod
2889 3006 2969 3064 ut

855 3121 991 3185 pax
1052 3099 1241 3164 fieret
1310 3099 1541 3165 datum
1611 3100 1958 3178 credimus),
2025 3101 2112 3166 ad
2181 3101 2362 3188 pacis
2437 3101 2769 3167 laesionem
2832 3123 2968 3167 non

859 3201 1124 3266 distulit
1198 3207 1594 3288 retorquere.
1688 3203 1855 3269 Ecce
1931 3203 2110 3268 enim
2199 3204 2272 3268 in
2360 3225 2518 3290 pace
2594 3205 2967 3271 amaritudo

856 3304 1267 3370 amarissima
1315 3308 1385 3369 et
1430 3305 1515 3370 ob
1561 3305 1720 3369 novi
1767 3303 1941 3391 regis
1972 3306 2542 3384 consecrationem,
2573 3305 2968 3393 postquam‚⁸

854 3404 1033 3472 inter
1076 3428 1299 3493 regem
1347 3412 1415 3471 et
1459 3405 2028 3492 archiepiscopum
2075 3409 2510 3494 compositum
2557 3413 2674 3486 est,
2725 3431 2921 3494 quam
2939 3407 2966 3447 ⁹

854 3506 1057 3572 etiam
1076 3505 1128 3547 ¹⁰
1159 3529 1243 3572 ex
1288 3507 1689 3574 conscientia
1734 3513 1956 3574 vestra
2001 3513 2072 3573 et
2117 3510 2433 3575 mandato
2477 3510 2785 3576 novimus
2816 3532 2964 3595 pro·

520 3616 771 3668 Censures
853 3611 1140 3688 cessisse,
1210 3611 1481 3697 quidam
1554 3611 2006 3698 episcoporum
2053 3613 2141 3677 ab
2212 3612 2570 3700 episcopali
2633 3613 2964 3700 dignitate

516 3697 585 3733 on
610 3690 829 3734 account

515 3749 671 3799 ofthe
684 3766 829 3801 coro-
852 3712 1156 3799 suspensi
1224 3718 1397 3790 sunt,
1466 3713 1737 3799 quidam
1800 3713 2246 3779 anathematis
2318 3715 2580 3782 vinculo
2623 3715 2894 3802 gravius
2913 3714 2964 3754 ¹¹

516 3815 717 3868 nation.

852 3814 1173 3892 innodati,
1222 3816 1412 3900 quasi
1458 3815 1531 3879 in
1549 3813 1601 3854 ¹²
1644 3815 1789 3902 ipsa
1835 3816 2319 3881 consecratione
2349 3816 2600 3903 aliquid
2633 3816 2963 3883 ecclesias-

850 3917 1004 3984 ticae
1054 3917 1409 4003 deperierit
1453 3915 1847 4006 dignitati.¹³
1938 3916 2204 4003 Loquor
2248 3939 2418 4004 erg0,
2461 3919 2619 3984 licet
2662 3919 2734 3982 id
2795 3941 2962 4004 prae-

848 4040 999 4084 sens
1044 4039 1179 4084 non
1234 4019 1530 4096 viderim,
1601 4019 1779 4104 quod
1848 4040 1962 4105 per
2030 4019 2365 4105 religiosas
2428 4021 2964 4106 venerandasque

913 4297 931 4330 ¹
966 4305 1017 4350 et
1052 4305 1332 4364 utcumque,
1363 4297 1477 4350 Liv.
1509 4299 1615 4363 (for
1650 4297 1729 4350 vel
1764 4315 1851 4350 cu-
2019 4297 2040 4336 7
2074 4297 2321 4364 similiter,
2347 4301 2461 4351 Liv.

764 4419 769 4424 .
826 4379 1016 4442 ἆνερ.)
2019 4379 2041 4412 ⁸
2069 4397 2172 4445 pro
2194 4396 2311 4444 qua,
2332 4381 2391 4431 L.

908 4457 929 4489 ²
964 4457 1089 4519 Dei,
1110 4457 1225 4508 Liv.
1945 4488 1948 4491 -
2016 4457 2037 4491 ⁹
2067 4475 2228 4530 quem,
2251 4457 2312 4510 L.

906 4537 929 4568 ³
963 4537 1086 4600 ipse,
1110 4536 1222 4586 Liv.
2017 4533 2060 4568 ¹⁰
2099 4538 2216 4589 Om.
2243 4535 2343 4586 V*.

904 4614 926 4648 ⁴
946 4617 1079 4679 fuit,
1100 4614 1212 4665 Liv.
2019 4613 2055 4647 ¹¹
2091 4616 2338 4679 qraviter,
2361 4616 2422 4665 L.

900 4693 923 4725 ὅ
954 4693 1257 4758 possiderat,
1280 4693 1391 4744 Liv.
2017 4691 2058 4725 ¹²
2093 4695 2216 4758 quia
2240 4693 2322 4744 for
2345 4693 2497 4758 quasi
2517 4694 2590 4758 in,
2610 4694 2672 4744 L.

905 4771 927 4804 ⁶
958 4771 1192 4834 deducta,
1214 4774 1319 4825 V*.
2015 4771 2059 4806 ¹³
2093 4772 2373 4837 dimicatis,
2394 4773 2456 4825 L.
