3634 5800
554 910 690 959 An.
729 897 950 979 1169]
1437 909 1792 959 semrom-2.
2574 896 2651 959 21

549 1098 904 1175 sternatur,
954 1102 1023 1163 ct
1067 1101 1272 1184 caput
1336 1097 1625 1175 amittat,
1673 1096 1869 1183 quod,
1916 1100 1995 1161 ut
2030 1093 2171 1181 jam
2218 1114 2419 1181 supra
2470 1114 2657 1161 mon·

548 1198 924 1275 stravimus,
971 1198 1042 1263 in
1075 1205 1214 1265 tam
1261 1200 1506 1267 multas
1535 1204 1712 1265 artes
1755 1197 1965 1263 vertit
2010 1202 2079 1263 et
2122 1196 2403 1263 fraudes.
2482 1194 2659 1261 Nam

552 1302 632 1361 tu
677 1298 852 1365 solus
897 1302 970 1365 in
1041 1302 1284 1367 militia
1351 1306 1546 1369 tanto
1588 1300 1939 1367 certamini
2002 1298 2247 1365 habilis
2292 1298 2659 1365 aestimaris.

553 1398 646 1463 Et
719 1404 878 1466 tunc
953 1402 1248 1487 profecto
1323 1403 1396 1467 in
1471 1402 1696 1469 decem
1767 1398 2065 1465 millibus
2148 1398 2659 1484 juvencularum

550 1502 972 1586 psallentium
1041 1505 1424 1571 testimonio
1499 1502 1961 1591 triumphabis.
2056 1500 2233 1567 Nam
2308 1500 2659 1587 pestilente

549 1610 868 1686 pereunte
915 1604 1030 1669 alii
1093 1626 1332 1669 manus
1397 1624 1550 1669 suas
1617 1603 1945 1669 lavabunt
2012 1601 2086 1665 in
2130 1602 2451 1689 sanguine
2510 1622 2659 1687 pec-

550 1705 806 1781 catoris,
842 1706 1047 1791 juxta
1091 1707 1264 1791 quod
1313 1728 1488 1771 unus
1531 1712 1913 1771 sanctorum
1959 1703 2077 1779 ait,
2122 1702 2357 1769 melius
2396 1724 2535 1768 esse
2582 1707 2661 1767 ut

551 1826 908 1889 paucorum
957 1808 1382 1873 damnatione
1437 1807 1706 1894 plurimi
1775 1806 2141 1871 liberentur
2184 1824 2383 1890 quam
2432 1824 2659 1871 eorum

551 1907 966 1973 absolutione
1033 1910 1254 1994 plures
1331 1910 1814 1995 periclitentur.
1906 1906 2227 1991 Alioquin
2304 1912 2481 1973 certe
2558 1906 2663 1969 in-

546 2006 738 2091 justa
797 2010 1252 2077 misericordia
1317 2016 1434 2077 est.
1528 2009 1875 2077 Consulite
1938 2029 2101 2095 ergo
2148 2007 2367 2075 Heliae
2428 2008 2660 2083 zelum,

554 2114 626 2175 et
665 2111 926 2196 gladius
971 2112 1250 2179 Phinees
1295 2134 1338 2178 a
1398 2112 1612 2179 cordis
1659 2112 1869 2177 vestri
1914 2131 2001 2175 ne
2024 2109 2049 2148 ¹
2114 2110 2383 2177 excidat
2448 2109 2661 2177 mani-

552 2210 716 2291 bus;
775 2218 848 2279 et
913 2214 1138 2279 videte
1183 2236 1316 2299 quo
1359 2213 1500 2279 zelo
1543 2214 1786 2299 dignus
1849 2212 1941 2277 sit
1985 2212 2103 2296 qui
2150 2215 2461 2297 operatus
2482 2210 2509 2251 ²
2556 2215 2659 2277 est

555 2314 666 2389 sic,
712 2316 828 2398 qui
873 2321 1126 2401 patrem
1175 2338 1370 2381 suum
1415 2316 1688 2380 retrusit
1733 2316 1806 2379 in
1852 2335 2193 2393 carcerem,
2242 2312 2545 2389 nudavit,
2592 2318 2663 2379 et

552 2416 772 2482 adhuc
815 2423 1002 2483 tenet
1063 2418 1134 2482 in
1177 2417 1480 2496 vinculis,
1525 2422 1594 2483 et
1643 2418 1847 2502 (quod
1911 2416 2153 2503 plango
2214 2415 2662 2503 lacrymosius,

555 2518 716 2603 quia
775 2520 1030 2585 caeteris
1075 2519 1530 2585 detestabilius
1575 2521 1722 2605 est,)
1787 2518 1997 2606 patris
2042 2518 2145 2583 sui
2208 2538 2515 2605 sponsam
2560 2538 2665 2583 ze-

557 2619 734 2685 latus
779 2626 882 2685 est
925 2620 1074 2698 sibi,
1117 2626 1188 2687 et
1255 2642 1390 2686 non
1457 2620 1530 2685 in
1575 2619 1871 2687 conclavi
1916 2618 2057 2695 hoc,
2126 2618 2243 2685 sed
2291 2618 2399 2703 (ut
2466 2638 2667 2704 supra

559 2720 882 2805 diximus)
952 2721 1230 2807 publice,
1277 2720 1490 2788 cubile
1535 2721 1746 2807 patris
1789 2720 2039 2785 violare
2084 2718 2469 2795 attentavit,
2514 2738 2665 2803 pro-

557 2826 830 2899 testans,
874 2822 1118 2910 populo
1163 2828 1234 2887 et
1277 2822 1448 2889 clero
1493 2822 1790 2889 civitatis
1835 2842 1973 2887 suae
2016 2822 2347 2898 audiente,
2392 2841 2461 2885 se
2513 2819 2665 2905 jure

561 2924 798 2990 debere
885 2925 1302 3012 metropolim
1377 2925 1690 3001 obtinere,
1773 2945 1895 2990 nec
1972 2923 2438 2990 Oantuariensi
2530 2921 2667 2986 ullo

561 3027 888 3114 adstringi
952 3027 1378 3114 professionis
1441 3049 1558 3092 seu
1603 3026 2003 3092 obedientiae
2069 3023 2351 3091 vinculo.
2448 3023 2669 3110 Igitur

565 3151 650 3196 an
725 3129 1206 3196 absolutionem
1284 3151 1400 3194 seu
1477 3129 2047 3196 condemationem
2134 3125 2451 3191 meruerit
2526 3131 2663 3190 tam

569 3231 902 3298 malitiosa
981 3237 1306 3318 operatus,
1383 3236 1524 3296 tam
1603 3229 1887 3316 superba
1962 3229 2240 3304 locutus,
2315 3227 2667 3314 singularis
2771 3246 2779 3252 ·

569 3335 893 3420 primatus
941 3335 1144 3399 vestri
1189 3333 1626 3400 consideratio
1685 3331 1843 3399 haec.
1940 3330 2029 3394 Et
2072 3331 2128 3394 si
2176 3329 2395 3396 forsan
2440 3351 2671 3396 secun-

568 3435 726 3500 dum
795 3435 1302 3502 ecclesiasticum
1370 3456 1618 3500 morem
1681 3432 2125 3498 anathematis
2188 3431 2669 3498 absolutionem

567 3542 970 3628 impetravit,
1015 3563 1102 3607 an
1147 3542 1220 3608 in
1281 3541 1402 3608 hoc
1463 3541 1608 3626 ipso
1669 3538 1993 3626 parvitati
2037 3559 2219 3614 mese,
2266 3559 2463 3622 quam
2508 3537 2673 3602 adeo

569 3645 1041 3710 contumaciter
1105 3643 1519 3728 contempsit,
1589 3643 1754 3726 quin
1814 3641 2037 3728 potius
2112 3661 2199 3706 an
2266 3640 2466 3704 matri
2535 3661 2673 3706 suae

572 3748 872 3825 eeclesiae,
919 3747 1106 3832 cujus
1167 3747 1428 3832 publice
1473 3752 1543 3812 et
1587 3751 1724 3810 tam
1793 3743 2213 3830 impudenter
2276 3744 2462 3829 rupit
2522 3764 2673 3830 pro·

569 3849 873 3915 fessionis
918 3853 986 3913 et
1031 3847 1425 3914 obedientiae
1471 3845 1756 3922 vincula,
1803 3845 2041 3910 debeat
2084 3845 2401 3910 reservari
2448 3851 2673 3910 aucto-

573 3953 752 4028 ritas,
815 3955 1040 4016 vestra
1102 3948 1336 4014 itidem
1403 3947 1841 4014 consideratio
1908 3953 2013 4011 est
2032 3970 2044 4009 :
2064 3945 2093 3984 ³
2150 3951 2236 4022 et,
2312 3951 2391 4010 ut
2465 3951 2673 4011 tantae

573 4053 902 4140 majestati
965 4073 1102 4117 non
1167 4055 1308 4116 tam
1353 4055 1598 4116 temere
1645 4070 1845 4134 quam
1892 4047 2125 4112 timide
2192 4047 2335 4112 haec
2399 4047 2675 4131 loquor,⁴

574 4155 848 4241 singulis
917 4153 1208 4218 studiose
1272 4151 1609 4239 perpensis
1629 4151 1654 4188 ⁵
1721 4151 1794 4214 in
1840 4149 2011 4214 hanc
2056 4171 2241 4232 spem
2308 4169 2445 4212 non
2504 4151 2677 4211 esset

576 4257 910 4332 absonum,
957 4261 1027 4321 et
1070 4275 1188 4341 pro
1234 4259 1412 4320 certo
1455 4253 1540 4318 ad
1587 4251 1874 4318 ecclesia)
1943 4271 2169 4334 pacem
2233 4249 2421 4314 fieret
2480 4270 2675 4334 expc-

579 4359 778 4424 ditior
819 4359 950 4435 via,
993 4357 1052 4421 si
1099 4357 1314 4442 qualis
1359 4355 1609 4422 accedit
1668 4354 1822 4418 talis
1884 4359 2267 4416 revertetur.
2360 4349 2677 4436 Alioquin

652 4637 668 4670 ¹
700 4640 828 4697 neci,
851 4638 926 4696 P;
963 4653 1040 4696 nc,
1065 4637 1130 4687 G.
1741 4628 1764 4660 ⁴
1797 4628 2017 4692 loquar?

651 4716 672 4749 ²
703 4721 954 4782 operatur,
978 4715 1045 4767 G.
1336 4777 1344 4782 -
1631 4764 1637 4795 ¹
1743 4708 1764 4738 ⁵
1802 4708 2073 4773 oppressis,
2096 4708 2157 4756 G.

653 4794 674 4827 ³
711 4795 830 4855 hece,
855 4796 919 4844 G.
1633 4798 1640 4835 Ι
