3634 5800
527 869 662 924 Aa).
700 851 927 938 1172]
1406 851 1773 916 EPISTOLAE.
2524 847 2648 911 541

528 1051 743 1138 hujus.
838 1053 1177 1120 Modicum
1219 1052 1448 1138 itaque
1493 1050 1788 1137 pulveris
1837 1049 2119 1136 projecit
2162 1049 2237 1114 in
2282 1070 2354 1115 os
2401 1049 2652 1115 vetulae

530 1156 719 1241 quasi
788 1156 933 1222 vice
984 1155 1228 1220 tributi
1296 1161 1365 1220 et
1408 1153 1676 1219 nomine
1745 1152 2111 1238 vectigalis
2235 1151 2400 1216 Inde
2447 1153 2650 1238 coepit

529 1257 738 1323 falsus
780 1257 894 1323 ille
939 1279 1163 1323 rumor
1222 1255 1631 1343 populariter
1692 1255 1962 1342 evagari
2028 1258 2098 1319 et
2141 1253 2383 1340 passim
2435 1254 2654 1339 plebe-

530 1379 723 1436 scere,
794 1359 958 1444 quia
1036 1359 1175 1424 fera
1236 1357 1523 1442 pessima
1600 1356 1957 1422 devoravit
2031 1355 2078 1420 J
2079 1353 2303 1440 oseph.
2392 1354 2648 1420 Tunica

516 1446 861 1545 =siquidem
906 1481 1039 1546 qua
1082 1458 1407 1545 spoliatus
1468 1463 1571 1524 est
1630 1458 1841 1522 fallax
1908 1457 2149 1521 nuntia
2217 1457 2450 1521 mortis
2495 1462 2654 1534 erat,

534 1559 580 1624 J
582 1559 782 1645 oseph
815 1561 993 1626 enim
1038 1561 1232 1637 vivit,
1276 1565 1347 1624 et
1392 1559 1772 1625 dominatur
1816 1558 1891 1622 in
1937 1562 2084 1623 tota
2129 1562 2310 1623 terra
2356 1557 2653 1642 AEgypti.

540 1662 749 1727 Beata
792 1663 937 1748 ejus
980 1663 1221 1739 anima,
1269 1661 1809 1746 corruptibilibus
1841 1663 2200 1726 exonerata
2244 1659 2524 1735 exuviis,
2573 1660 2656 1724 de

537 1764 813 1850 pulvere
856 1764 1057 1850 hujus
1116 1763 1632 1832 conversationis
1677 1761 1902 1841 libera,
1948 1761 2245 1827 evolavit
2289 1761 2362 1824 in
2407 1761 2655 1828 caelum.

541 1866 903 1951 Assumpta
964 1872 1067 1931 est
1131 1865 1218 1930 ab
1287 1885 1365 1929 eo
1428 1865 1542 1949 qui
1588 1863 1789 1929 dicit:
1858 1870 1896 1900 “
1921 1862 2111 1929 Vado
2173 1885 2406 1949 parare
2468 1865 2658 1930 vobis

542 1975 575 2001 “
620 1967 876 2045 locu1n3
944 1967 1187 2032 iterum
1254 1969 1480 2030 autem
1545 1965 1828 2042 veniam,
1898 1969 1969 2030 et
2031 1986 2362 2030 assumam
2408 1986 2526 2031 vos
2572 1967 2658 2032 ad

544 2075 578 2102 “
625 2067 1002 2153 meipsum.'’
1097 2066 1613 2133 consummatus
1660 2065 1733 2129 in
1778 2064 1970 2130 brevi
2015 2065 2315 2152 explevit
2359 2073 2660 2154 tempora

546 2166 801 2248 multa;
862 2173 1095 2253 raptus
1158 2173 1276 2243 est,
1340 2188 1425 2231 ne
1492 2166 1749 2232 malitia
1792 2168 2180 2232 immutaret
2247 2168 2658 2234 intellectum

547 2269 767 2354 ipsius.
862 2268 1153 2334 Vocatus
1200 2273 1303 2332 est
1347 2268 1418 2331 in
1468 2267 1744 2345 eaelumst
1810 2289 1943 2352 quo
2002 2268 2292 2333 mundus
2338 2291 2470 2335 non
2519 2277 2665 2337 erat

548 2370 824 2454 dignus3
868 2391 989 2435 nec
1034 2375 1135 2435 est
1195 2369 1528 2436 exstincta
1595 2369 1864 2435 lucerna
1905 2370 2066 2450 haec,
2113 2371 2226 2436 sed
2273 2371 2438 2437 flatu
2483 2377 2668 2438 tran-

552 2473 784 2539 sitorio
828 2495 1135 2560 percussa
1197 2478 1317 2550 est,
1383 2477 1463 2536 ut
1528 2472 1922 2538 luminosius
1989 2473 2353 2558 splendeat,
2399 2481 2468 2540 et
2507 2475 2666 2561 jam,

552 2574 677 2639 sub
722 2575 943 2640 modio
987 2595 1122 2639 non
1166 2573 1571 2650 abscondita,
1601 2573 1821 2639 luceat
1851 2574 2158 2640 omnibus
2203 2576 2321 2660 qui
2364 2576 2435 2640 in
2471 2577 2666 2642 domo

553 2681 730 2742 sunt.
823 2676 1022 2742 Visus
1099 2681 1200 2741 est
1260 2676 1469 2741 oculis
1535 2675 1994 2761 insipientium
2073 2678 2259 2755 mori,
2333 2679 2448 2743 sed
2523 2680 2670 2745 vita

554 2779 699 2865 ejus
743 2777 1131 2845 abscondita
1196 2783 1298 2843 est
1365 2797 1517 2843 cum
1584 2775 1852 2842 Christo
1918 2777 1991 2841 in
2054 2778 2233 2859 Deo;
2296 2801 2470 2846 mors
2516 2801 2670 2846 eum

555 2881 791 2949 vicisse
836 2885 906 2947 et
949 2877 1367 2947 absorbuisse
1431 2879 1579 2945 visa
1642 2883 1761 2959 est,
1831 2880 1949 2946 sed
1992 2879 2308 2969 absorpta
2350 2888 2452 2950 est
2495 2906 2672 2950 mors

556 2984 631 3049 in
674 2983 971 3051 victoria.
1012 2973 1019 2983 ’
1064 2981 1489 3048 Desiderium
1566 2982 1780 3048 cordis
1847 2981 1991 3068 ejus
2067 2983 2365 3049 tribuisti
2411 2986 2490 3063 ei,
2537 2984 2672 3052 Do·
2799 3016 2806 3031 ·

560 3085 777 3165 mine3
823 3084 939 3149 diu
998 3083 1177 3149 enim
1246 3084 1655 3149 militaverat
1716 3083 1846 3149 tibi
1907 3088 2178 3170 propter
2238 3086 2444 3153 verba
2509 3087 2676 3152 labi-

560 3207 751 3250 orum
795 3190 1062 3251 tuorum
1127 3184 1507 3251 custodiens
1570 3185 1717 3250 vias
1780 3184 1998 3252 duras.
2095 3186 2269 3253 Sane
2337 3208 2379 3253 a
2446 3188 2677 3274 primi-

558 3285 721 3353 tivis
765 3285 1224 3351 adolescentiae
1291 3286 1585 3351 motibus
1604 3283 1630 3324 ²
1693 3285 1899 3372 coepit
1969 3307 2226 3352 morum
2288 3290 2677 3355 maturitate

558 3409 905 3465 senescere,
952 3392 1156 3473 atque
1201 3388 1577 3473 prurientes
1600 3386 1627 3427 ³
1688 3388 1974 3454 carnalis
2037 3390 2414 3456 insolentiae
2459 3398 2679 3458 motus

560 3491 825 3579 vigiliis,
864 3490 1155 3576 jejuniis,
1202 3489 1589 3576 disciplinis,
1636 3490 1872 3567 cilicio,
1919 3495 1988 3555 et
2021 3492 2207 3578 jugis
2253 3493 2678 3560 continentiae

563 3593 786 3659 balteo
830 3592 1146 3658 cohibere.
1241 3591 1534 3656 Vocatus
1565 3597 1667 3657 est
1696 3591 1924 3676 itaque
1970 3612 2012 3656 a
2042 3590 2329 3658 Domino
2359 3600 2680 3680 tanquam

568 3696 812 3771 Aaron,
858 3694 945 3760 ad
1021 3692 1309 3757 dandam
1386 3692 1732 3758 scientiam
1810 3693 2048 3758 salutis
2122 3693 2304 3779 plebi
2377 3696 2538 3781 ejus,
2601 3706 2683 3764 ut

566 3796 871 3861 redderet
886 3795 913 3834 ⁴
979 3794 1296 3880 populum
1372 3793 1845 3880 acceptabilem
1918 3794 2208 3861 Domino
2293 3803 2682 3865 sectatorem

568 3898 895 3962 bonorum
939 3916 1229 3981 operum,
1260 3900 1330 3961 et
1358 3900 1624 3980 pararet
1646 3904 1673 3943 ⁵
1700 3894 1990 3960 Domino
2020 3896 2277 3982 plebem
2307 3898 2682 3984 perfectam.

572 3998 798 4083 Elegit
839 4018 991 4062 eum
1060 3995 1394 4061 Dominus
1460 3996 1533 4060 in
1602 3996 2008 4061 sacerdotem
2077 3997 2224 4075 sibi,
2268 4006 2350 4063 ut
2393 4009 2567 4067 esset
2610 4003 2684 4067 in

571 4100 815 4186 populo
858 4100 1001 4183 ejus
1046 4098 1281 4164 ductor
1326 4102 1397 4163 et
1440 4097 1687 4173 doctor,
1735 4097 1896 4162 vitae
1939 4098 2221 4184 specula,
2268 4101 2684 4185 poenitentiae

574 4202 804 4278 forma,
881 4205 951 4263 et
1024 4198 1401 4265 sanctitatis
1492 4198 1888 4283 exemplum.
1998 4198 2183 4265 Deus
2257 4202 2683 4271 scientiarum

574 4302 881 4369 dominus
926 4300 1201 4365 dederat
1245 4301 1309 4364 ei
1354 4300 1655 4386 linguam
1719 4299 2078 4380 eruditam,
2124 4306 2196 4365 et
2239 4302 2580 4372 infuderat
2623 4308 2683 4372 ei

574 4404 995 4472 abundanter
1040 4402 1353 4488 spiritum
1424 4400 1773 4487 sapientiae
1837 4405 1906 4466 et
1950 4400 2344 4480 intellectus,
2391 4412 2471 4471 ut
2516 4413 2686 4473 esset

572 4556 626 4563 -μ-

1059 4551 1537 4558 ——..—--—————-————-
1557 4552 1568 4556 -
2178 4555 2241 4561 ———r
2448 4558 2670 4567 -m-

644 4638 661 4670 ι
693 4636 883 4697 eoelmn,
905 4650 1006 4685 om,
1029 4634 1144 4688 ΜΒ,
1745 4634 1768 4667 ⁴
1802 4634 2030 4696 reddere,
2051 4634 2133 4685 for
2153 4644 2210 4688 ut
2230 4638 2478 4702 redderet,
2499 4641 2613 4697 MS.

636 4718 659 4751 ²
690 4714 929 4777 moribus,
950 4714 1015 4765 G.
1744 4715 1765 4747 ⁸
1791 4730 2002 4781 parare,
2021 4714 2139 4766 MS.

642 4796 665 4831 ³
688 4796 993 4860 prurientes,
1014 4806 1116 4845 om.
1138 4792 1251 4845 MS.
