3634 5800
527 4192 750 4257 Henry’s

528 4259 772 4308 demands

526 4324 732 4374 altered.

859 816 987 881 120
1743 833 2107 883 nms'roLAE.
2580 818 2738 902 [AD.
2776 822 2967 888 1169.

861 1023 1103 1089 talium
1149 1026 1467 1111 parvulos
1511 1030 1861 1091 nascentes
1906 1022 2296 1109 exstinguit,
2343 1027 2462 1088 aut
2508 1027 2717 1099 natOS,
2764 1044 2968 1107 quam

862 1128 996 1191 cito
1019 1126 1043 1164 ¹
1090 1133 1425 1205 tenentur,
1493 1128 1718 1193 allidit
1761 1128 1851 1193 ad
1913 1133 2187 1213 petram.
2282 1126 2542 1203 Vereor,
2606 1131 2815 1212 pater,
2882 1146 2967 1191 ne

861 1230 1252 1315 sanguinem
1321 1231 1504 1295 illius
1569 1236 1638 1295 et
1681 1229 2345 1315 commalignantium
2410 1228 2542 1293 sibi
2609 1228 2693 1293 de
2760 1249 2965 1293 manu

862 1351 1010 1394 mea
1103 1332 1400 1416 requirat
1495 1330 1864 1395 Dominus·
1964 1330 2195 1395 Timeo
2268 1352 2354 1394 ne
2448 1330 2964 1415 proscriptorum

863 1452 1149 1508 suorum,
1197 1437 1266 1497 et
1329 1434 1406 1497 in
1471 1454 1673 1498 causa
1735 1431 2028 1498 ecclesiae
2088 1431 2540 1496 laborantium
2608 1452 2818 1516 usque
2881 1430 2968 1493 ad

862 1540 1160 1611 mortem,
1205 1556 1397 1599 neces
1457 1534 1706 1599 multas
1749 1535 1979 1619 exigat
2024 1533 2231 1597 durus
2274 1532 2320 1596 J
2322 1534 2519 1611 udeX,
2565 1554 2715 1598 cum
2762 1530 2967 1616 scrip-

862 1639 1010 1699 tum
1055 1636 1163 1715 sit,
1211 1634 1528 1722 quoniam
1601 1644 1632 1671 “
1652 1636 2049 1701 maledictus
2094 1638 2216 1711 est,
2264 1635 2381 1719 qui
2448 1634 2751 1720 gladium
2818 1654 2967 1719 pro-

859 1745 894 1771 “
939 1736 1131 1801 hibet
1154 1736 1180 1775 2
1207 1760 1248 1804 a
1279 1738 1560 1803 cruore.”
1637 1738 1833 1815 Nam,
1863 1743 1944 1802 ut
1972 1738 2072 1802 ait
2102 1737 2431 1814 Salomon,
2466 1745 2497 1771 “
2525 1736 2657 1815 Qui
2687 1736 2968 1802 delicate

851 1846 896 1901 .“
942 1839 1161 1904 nutrit
1227 1861 1512 1915 servum,
1580 1844 1811 1925 postea
1886 1839 2078 1903 illum
2140 1839 2389 1903 sentiet
2454 1835 2967 1903 contumacem.’'

863 1940 953 2003 Et
1019 1940 1145 2004 hoc
1213 1940 1481 2025 quidem
1547 1940 1791 2006 crebris
1860 1940 2135 2005 ecclesia
2192 1945 2263 2004 et
2306 1939 2691 2004 certissimis
2754 1938 2969 2005 sentit

862 2042 1360 2128 experimentis
1471 2042 1698 2127 Siquis
1765 2042 1945 2106 enim
2012 2042 2265 2127 primos
2340 2042 2483 2127 ejus
2559 2040 2969 2107 cohibuisset

860 2144 1166 2231 impetus,
1211 2144 1421 2231 siquis
1487 2143 1957 2229 instigantium
2004 2144 2092 2206 ad
2155 2143 2331 2208 mala
2374 2148 2446 2207 et
2488 2142 2772 2209 furorem
2816 2165 2966 2229 pro-

861 2246 1238 2313 curantium
1298 2242 1730 2331 perculisset⁸
1774 2245 2240 2321 temeritatem,
2287 2266 2705 2330 nequaquam
2750 2250 2857 2309 tot
2901 2251 2971 2311 et

859 2352 1086 2411 tantas
1155 2353 1376 2432 pestes
1443 2346 1711 2411 arbores
1774 2345 2109 2431 pestiferas
2170 2348 2675 2431 germinassent.
2789 2346 2965 2411 Nam

859 2454 1246 2513 tenerorum
1292 2448 1468 2512 vitia
1531 2448 1731 2513 citius
1775 2447 2147 2525 abolentur,
2192 2453 2263 2513 et
2324 2469 2473 2513 cum
2520 2448 2969 2513 diuturnitate

861 2550 1271 2615 invaluerint
1342 2549 1829 2633 quodammodo
1896 2555 2250 2615 transeunt
2310 2550 2383 2613 in
2444 2555 2771 2615 naturam.
2880 2551 2970 2616 Et

860 2657 1037 2717 certe
1102 2657 1296 2717 tanta
1358 2652 1578 2715 fuerat
1646 2652 2067 2737 reprimenda
2131 2652 2580 2738 praesumptio,
2648 2656 2796 2717 tum
2863 2652 2969 2717 sui

859 2754 1071 2839 ipsius
1117 2753 1533 2839 corripienda
1577 2754 1993 2831 enormitate,
2041 2758 2190 2818 tum
2251 2754 2410 2838 quia
2476 2759 2699 2818 totum
2743 2755 2969 2819 orbem

861 2855 1178 2920 Latinum
1222 2854 1588 2941 pernicioso
1619 2854 1987 2939 corrumpit
2018 2853 2338 2940 exemplo,
2426 2854 2700 2933 Audiat,
2730 2876 2970 2941 quaese,

861 2958 1218 3024 clementia
1294 2962 1524 3022 vestra
1595 2977 1717 3042 per
1791 2957 2137 3021 dominum
2215 2956 2629 3034 Gratianum,
2704 2958 2971 3023 subdia-

861 3081 1100 3124 conum
1147 3062 1467 3135 vestrum,
1515 3057 1622 3122 cui
1691 3079 1778 3122 ex
1844 3079 1915 3122 re
1982 3079 2225 3122 nomen
2286 3080 2425 3124 esse
2490 3059 2836 3138 credimus,
2895 3082 2972 3126 eo

863 3161 1041 3246 quod
1087 3165 1428 3243 tamquam
1495 3157 1674 3222 filius
1739 3158 1976 3244 gratiae
2021 3180 2285 3224 causam
2332 3161 2619 3226 ecclesiae
2686 3162 2971 3227 fideliter

864 3267 934 3326 et
977 3260 1345 3347 prudenter
1411 3259 1485 3323 in
1530 3259 1712 3324 omni
1773 3259 2099 3325 modestia
2142 3265 2212 3325 et
2272 3261 2650 3328 sinceritate
2708 3264 2973 3328 studuit

859 3385 1234 3451 procurare.
1369 3361 1652 3438 Audiat,
1729 3361 2027 3446 inquam,
2106 3363 2399 3447 qualiter
2502 3365 2575 3429 in
2619 3366 2964 3432 occidente

861 3472 1109 3542 nostro,
1154 3464 1287 3528 nisi
1356 3463 1576 3540 citiuS,
1623 3462 1767 3527 Deo
1834 3463 2145 3550 propitio,
2190 3464 2652 3545 subveneritis,
2716 3469 2974 3534 occidat

863 3567 1174 3645 ecclesia3
1235 3569 1306 3629 et
1349 3565 1622 3630 tandem
1687 3564 2100 3642 misereatur,
2147 3571 2217 3630 et
2258 3567 2469 3631 tantis
2532 3569 2813 3634 miseriis
2857 3571 2971 3636 de·-

865 3666 1130 3733 bitum⁴
1196 3667 1501 3751 imponat
1563 3665 1785 3731 finem.
1899 3667 1975 3731 Si
2050 3667 2229 3730 enim
2302 3672 2835 3754 expectaveritiS,
2892 3680 2974 3738 ut

865 3769 1093 3833 nuntii
1139 3767 1282 3852 ejus
1329 3771 1400 3830 et
1442 3766 1720 3830 malitiae
1764 3766 2061 3832 fautores
2104 3789 2241 3832 non
2291 3769 2585 3836 habeant
2628 3775 2972 3840 mendacia

864 3892 1014 3956 quae
1059 3867 1526 3954 praetendant?
1555 3874 1625 3933 et
1668 3869 1863 3934 nobis
1908 3875 1979 3935 et
2018 3871 2209 3936 vobis
2241 3877 2309 3935 et
2353 3871 2488 3936 illis
2517 3873 2661 3938 vita
2690 3875 2970 3954 deficiet,

862 3977 931 4037 et
976 3973 1048 4035 in
1093 3971 1396 4035 districto
1442 3970 1747 4035 examine
1793 3977 2066 4055 cogetur
2110 3971 2397 4056 quilibet
2456 3979 2759 4040 nostrum
2825 3979 2969 4045 sine

859 4095 1290 4160 personarum
1337 4072 1718 4156 acceptione
1765 4073 1870 4136 sui
1916 4073 2131 4158 operis
2174 4073 2447 4139 reddere
2490 4077 2832 4144 rationem.

953 4175 1118 4240 Ecce
1192 4195 1372 4238 nunc
1434 4172 1601 4238 dicit
1665 4193 1736 4238 se
1811 4195 1949 4238 non
2017 4196 2060 4239 a
2133 4196 2239 4238 me
2302 4175 2567 4262 exigere
2640 4179 2967 4246 rationem

861 4275 1458 4342 administrationis
1505 4275 1917 4341 cancellariae
1982 4298 2139 4353 suae,
2184 4298 2305 4343 nec
2372 4281 2721 4363 pecuniam
2768 4303 2966 4366 quam

927 4413 944 4445 ι
977 4413 1118 4470 citos,
1139 4411 1194 4460 v
2030 4409 2053 4442 ⁴
2084 4383 2319 4472 debiturn,
2344 4413 2419 4472 Z;
2452 4386 2714 4464 ofin—‚ijs—
2730 4389 2969 4400 ’ᾺἫ

927 4492 948 4524 ²
976 4488 1232 4556 prohibet,
1265 4489 1312 4536 L
1347 4489 1570 4550 (Jerem.
1593 4487 1754 4538 xlviii.
1781 4495 1860 4550 10,
2030 4488 2051 4519 ⁸
2078 4490 2419 4554 pretendunt,
2440 4493 2511 4552 V,
2538 4493 2605 4555 A,
2640 4494 2686 4547 Ο
2704 4514 2719 4555 3
2744 4504 2967 4561 praten.

859 4567 1040 4632 Vulg.)
1065 4587 1080 4626 ς
1113 4565 1318 4624 cohibet,
1342 4566 1407 4624 O,
1431 4565 1486 4615 Ζ.
1962 4565 2105 4628 dunt,
2127 4570 2190 4619 L.
2212 4642 2215 4644 v

927 4647 948 4679 ³
976 4643 1278 4709 pertulisset,
1313 4643 1391 4705 03
1424 4658 1556 4694 corr.
1589 4649 1645 4694 to
1677 4639 1860 4709 pereu-

857 4725 1013 4780 lisset,
1034 4723 1105 4773 A.
