3634 5800
924 857 1050 922 266
1804 873 2158 924 EPISTOLAE.
2641 858 2796 942 [A.D.
2832 859 3022 926 1170·

920 1069 1260 1129 tentamur
1320 1063 1767 1150 periculosius.
1864 1065 2206 1151 Siquidem
2276 1066 2350 1130 in
2417 1067 2632 1151 specie
2685 1065 3019 1152 peregrini

920 1165 1407 1232 absconderunt
1472 1188 1651 1232 nunc
1716 1167 1984 1253 superbi
2045 1167 2370 1252 laqueum·
2401 1167 2610 1233 nobis.
2703 1167 2843 1243 Ille,
2905 1167 3016 1231 ille

921 1288 1167 1352 nempe.
1202 1269 1290 1333 ad
1333 1289 1453 1334 nos
1500 1269 1573 1331 in
1618 1269 1834 1354 specie
1879 1269 2212 1355 peregrini
2257 1270 2548 1336 accessit.
2625 1269 3019 1354 Peregrinus

924 1368 1187 1452 quidem
1234 1371 1524 1447 accessit,
1569 1370 1686 1434 sed
1731 1369 2136 1456 peregrinus
2159 1371 2278 1434 diu
2321 1391 2460 1436 non
2501 1369 2720 1436 latuit.
2800 1369 3019 1434 Simu-

924 1469 1067 1533 lans
1102 1469 1278 1533 enim
1324 1493 1392 1535 se
1456 1472 1745 1555 cogitare
1792 1471 2226 1557 cogitationes
2293 1471 2490 1555 pacis,
2537 1470 2716 1555 pacis
2761 1475 3021 1537 nostrae,

922 1569 1324 1634 admittebat
1345 1568 1369 1608 ²
1416 1571 1700 1656 benigne
1745 1565 2021 1656 loquens
2067 1576 2136 1637 et
2166 1572 2306 1658 ipse
2352 1572 2602 1658 pariter
2646 1593 2798 1656 quae
2843 1571 3022 1656 pacis

924 1675 1129 1737 erant.
1221 1672 1417 1737 Unde
1462 1678 1533 1738 et
1576 1673 1858 1760 speciem
1905 1677 2044 1738 tam
2089 1673 2328 1738 bonam
2373 1679 2732 1750 cernentes,
2777 1673 3020 1738 multo-

924 1793 1073 1835 rum
1116 1773 1290 1838 oculi
1336 1774 1752 1851 tenebantur,
1786 1774 2186 1840 fiducialiter
2227 1775 2501 1860 pacifica
2544 1773 3018 1861 praestolantes.

925 1872 1057 1938 Sed
1102 1874 1368 1938 demum
1412 1876 1767 1941 verborum
1812 1876 2113 1961 aucupiis
2143 1877 2365 1942 oculos
2411 1897 2563 1942 suos
2609 1877 3020 1963 depraedatos

924 1976 1386 2058 querebantur,
1480 1977 1656 2041 Nam
1702 1999 1852 2042 cum
1911 1977 2054 2062 jam
2100 1979 2186 2044 ab
2231 1978 2540 2043 omnibus
2607 1997 3018 2043 consumma-

923 2077 1127 2141 tionis
1190 2079 1399 2142 totius
1472 2078 1623 2142 finis
1697 2083 2092 2163 speraretur,
2157 2081 2542 2166 peregrinus
2616 2083 2840 2144 noster
2903 2101 3020 2164 per

924 2179 1239 2264 quosdam
1300 2179 1428 2243 sibi
1472 2179 1639 2244 bene
1684 2183 1878 2244 notos
1921 2179 2260 2246 anfractus
2305 2200 2348 2245 a
2392 2180 2506 2244 via
2549 2185 2732 2245 recta
2775 2179 3018 2244 deflex-

588 2291 696 2340 The
722 2293 897 2340 Mont-
924 2286 1085 2356 erat,
1116 2284 1185 2344 et
1228 2279 1670 2365 deprehensus
1714 2285 1817 2344 est
1863 2279 2144 2346 devotus
2191 2279 2302 2345 ille
2347 2301 2482 2345 non
2525 2281 2796 2365 quidem
2847 2279 3021 2364 cogi-

588 2364 885 2473 3:352„ae
923 2382 1209 2446 tationes
1259 2380 1455 2465 pacis,
1504 2382 1619 2446 sed
1666 2381 1890 2467 potius
1933 2380 2322 2459 afflictionis,
2369 2381 2731 2466 cogitasse3
2775 2381 3019 2466 quippe

586 2488 789 2538 alluded
810 2497 881 2540 to.
924 2505 1075 2550 cum
1119 2484 1304 2568 prius
1350 2503 1578 2570 pacem
1623 2483 1906 2560 offerret,
1953 2487 2184 2568 postea
2227 2485 2410 2569 pacis
2455 2484 2750 2549 osculum
2786 2504 3020 2569 perne-

923 2585 1142 2669 gabat.
1264 2585 1412 2664 Quo
1478 2585 1713 2650 audito
1782 2585 2040 2650 haerent
2114 2584 2640 2662 circumstanteS,
2701 2583 3020 2650 hzesitant

922 2686 1335 2764 mediatore8‚
1398 2691 1627 2771 stupet
1700 2687 2004 2772 populus,
2079 2687 2498 2752 admirantur
2573 2687 2885 2763 universi,
2948 2690 3019 2752 et

920 2787 1282 2853 frustratur
1299 2786 1323 2824 ²
1386 2809 1535 2873 spes
1580 2788 1897 2852 omnium.
1992 2787 2410 2866 Quibusdam
2455 2787 3020 2873 proclamantibus

922 2888 1111 2953 illum
1174 2911 1309 2955 non
1376 2889 1588 2954 solum
1655 2887 2114 2967 ecclesiastici,-
2151 2889 2278 2955 sed-
2334 2894 2401 2955 et
2471 2889 2676 2954 totius
2743 2889 3016 2953 humani

921 2990 1121 3055 moris
1184 2990 1657 3067 subversorem,
1701 2989 1869 3074 quin
1936 2990 2160 3074 potius
2225 2992 2438 3076 ipsam
2483 2995 2741 3055 naturae
2805 2989 3016 3075 legem

921 3096 1269 3173 offendere,
1336 3117 1484 3181 quae
1551 3095 1924 3160 dilectionis
2000 3096 2265 3181 signum
2335 3099 2405 3158 et
2467 3096 2648 3181 pacis
2717 3096 3014 3161 noscitur

921 3197 1217 3262 homines
1264 3197 1559 3263 docuisse
1589 3200 1667 3260 ut
1712 3198 1784 3259 in
1831 3196 1948 3261 illo
1992 3196 2320 3282 praecipue
2363 3196 2656 3262 membro
2701 3200 3017 3282 appareat

921 3300 1184 3384 signum
1230 3297 1611 3373 concordiae,
1659 3296 1835 3362 unde
1898 3297 2062 3362 rixae
2123 3302 2192 3361 et
2250 3298 2480 3384 jurgia
2524 3297 2682 3361 oriri
2747 3317 3014 3363 consuc-

918 3405 1181 3465 verunt.
1269 3399 1409 3464 Alii
1453 3420 1588 3464 non
1652 3398 1838 3463 istud
1903 3403 2150 3484 opertae
2215 3398 2287 3462 in
2352 3399 2548 3464 corde
2610 3399 3014 3464 seductionis

920 3500 1271 3566 manifeste
1338 3500 1618 3585 speciem
1696 3498 2033 3565 declarare
2107 3499 2549 3578 testabantur,
2625 3500 3014 3565 diabolicam

920 3602 1123 3667 etiam
1184 3601 1497 3667 excedere
1559 3599 2159 3685 praesumptionem,
2229 3621 2361 3685 qua
2421 3622 2557 3665 non
2623 3584 3012 3687 dignaretur

918 3702 1114 3767 homo
1146 3701 1627 3769 communicare
1657 3700 1914 3765 homini
1961 3701 2137 3785 quod
2183 3700 2435 3767 homini
2468 3700 2848 3767 exhibuerit
2877 3702 3012 3767 Do-

918 3804 1180 3883 minus3
1228 3803 1344 3867 et
1327 3824 1467 3888 1pse
1497 3802 1676 3867 enim
1704 3801 1779 3865 in
1825 3802 2091 3887 signum
2137 3801 2688 3867 reconciliationis
2718 3808 2788 3867 et
2831 3804 3010 3888 pacis

918 3904 1249 3971 osculatus
1296 3911 1397 3968 est
1426 3924 1531 3969 me
1563 3902 1783 3969 osculo
1830 3903 1962 3969 oris
2009 3903 2130 3967 sui.
2223 3902 2362 3989 Ego
2410 3902 2604 3991 νει-οξ
2621 3909 2699 3968 ut
2744 3903 3010 3969 domino

915 4027 1063 4071 meo
1123 4006 1438 4072 secretius
1483 4004 1736 4090 loquar,
1779 4026 1919 4069 rem
1983 4003 2228 4069 tacitus
2273 4004 2708 4083 considerans,
2754 4007 3011 4071 aestimo

916 4128 1049 4172 non
1095 4106 1235 4171 sine
1280 4126 1492 4182 causa,
1526 4102 1914 4191 quinpotius
1958 4103 2190 4169 divino
2234 4109 2426 4182 nutu,
2487 4106 2668 4190 pacis
2713 4106 3005 4174 osculum

913 4209 1103 4273 nobis
1178 4207 1381 4272 fuisse
1448 4206 1889 4292 denegatum3
1971 4205 2150 4290 quod
2216 4203 2527 4273 videlicet
2599 4206 2778 4273 illius
2853 4230 3005 4294 pax,

913 4332 1114 4395 quam
1190 4309 1565 4396 quaerimus,
1636 4312 1705 4373 et
1778 4311 2008 4375 nostra
2073 4306 2343 4391 justitia
2417 4328 2616 4393 quam
2691 4308 3009 4388 fovemus,

913 4410 1263 4478 convenire
1331 4430 1467 4475 non
1536 4407 1813 4495 possint,
1859 4407 2042 4471 illius
2110 4428 2388 4493 regnum
2436 4413 2505 4472 et
2571 4408 3009 4477 sacerdotium

978 4688 997 4719 ¹
1031 4684 1339 4744 admittebat,
1394 4684 1475 4744 1³3
1537 4681 1911 4744 admittebatur,
2081 4678 2103 4714 ²
2121 4679 2474 4746 frustrantur,
2498 4681 2565 4733 G.

912 4765 977 4817 G.
