3634 5800
823 805 951 871 232
1691 823 2048 872 Er1sroLAE.
2528 807 2683 892 [mn.
2721 807 2917 872 1170.

819 1011 1148 1089 dicuntur,
1194 1015 1263 1075 et
1309 1011 1626 1095 quaelibet
1648 1011 1672 1048 ¹
1733 1033 1959 1076 earum
2004 1012 2077 1075 in
2124 1033 2459 1078 assensum
2514 1033 2710 1077 suum
2756 1033 2923 1096 quos

819 1118 1037 1200 potest
1081 1119 1153 1178 et
1201 1113 1444 1200 quibus
1491 1114 1704 1179 modis
1750 1113 1933 1180 valet
1978 1119 2258 1181 conatur
2310 1115 2639 1181 inducere.
2732 1114 2922 1180 Sedis

821 1217 1197 1302 apostolicae
1239 1217 1528 1304 gratiam
1573 1217 1893 1303 utrinque
1924 1225 2275 1303 quaerunt3
2335 1223 2405 1284 et
2450 1221 2558 1303 (ut
2606 1216 2925 1302 arbitror)

823 1319 938 1402 qui
985 1341 1130 1384 eam
1175 1319 1395 1384 minus
1441 1324 1845 1396 meruerunt,
1893 1324 2014 1386 aut
2032 1317 2057 1358 ²
2100 1321 2385 1386 assecuti
2430 1325 2606 1399 sunt,
2640 1317 2927 1404 amplius

825 1422 1196 1508 gloriantur
1259 1443 1327 1486 se
1373 1421 1516 1486 voti
1538 1418 1565 1456 ³
1609 1425 1945 1508 compotes
1992 1418 2377 1486 exstitisse*
2464 1421 2510 1486 J
2510 1420 2799 1486 actitant
2858 1439 2926 1483 se

824 1522 968 1588 haec
1014 1529 1082 1586 et
1149 1523 1264 1587 illa
1328 1522 1736 1604 obtinuisse3
1796 1523 1913 1588 sed
1976 1523 2112 1589 scio
2162 1523 2340 1608 quod
2405 1523 2517 1600 eis,
2562 1521 2929 1608 praesertim

827 1625 898 1688 in
945 1623 1049 1688 his
1095 1646 1244 1709 quae
1291 1629 1522 1689 contra
1559 1624 1672 1708 jus
1689 1625 1715 1663 ⁵
1757 1624 2078 1690 videntur
2122 1624 2363 1702 elicita,
2406 1624 2627 1689 nullus
2671 1623 2931 1710 sapiens

747 1748 756 1754 ·
823 1728 1098 1794 habebit
1157 1727 1358 1793 fidem
1427 1728 1560 1792 nisi
1612 1729 1859 1814 scripta
1948 1727 2339 1794 authentica
2356 1727 2384 1766 ‘⁵
2446 1732 2517 1793 et
2580 1727 2932 1813 originalia

503 2873 612 2925 The
635 2887 738 2923 cm·

503 2956 652 3005 petor
660 2944 812 2990 treat-

507 3008 596 3072 ing
617 3005 738 3055 with

503 3074 768 3189 sse·

504 3206 701 3271 langue.

509 3790 754 3841 Missions

509 3867 563 3907 to
587 3860 674 3907 the

507 3926 659 3988 papal

511 3998 671 4041 court.

828 1830 1182 1916 proferant.
1281 1829 1511 1894 Unum
1572 1830 1725 1908 scic,
1795 1839 1865 1894 et
1924 1829 2175 1910 mundo
2220 1830 2621 1897 reclamante
2667 1828 2932 1894 indubi-

829 1937 1054 1998 tanter
1098 1937 1168 1996 et
1213 1930 1416 1997 libere
1461 1953 1698 2007 assem,
1745 1932 1907 2017 quia
1951 1932 2070 2017 qui
2114 1931 2382 1998 Christo
2426 1931 2798 2008 adhaeserit,
2860 1930 2934 1996 in

831 2035 1030 2100 finem
1105 2053 1239 2099 non
1319 2033 1695 2119 poenitebit.
1820 2035 2363 2100 Momentaneum
2440 2038 2542 2100 est
2615 2034 2934 2120 gaudium

831 2139 1188 2224 impiorum
1241 2143 1310 2203 et
1354 2138 1568 2203 instar
1612 2137 1865 2223 puncti,
1912 2138 2157 2223 quibus
2202 2139 2277 2201 in
2318 2137 2509 2202 brevi
2552 2139 2737 2203 tinea
2780 2137 2935 2202 sub·

832 2243 1168 2306 sternetur
1234 2244 1304 2304 et
1371 2239 1860 2324 operimentum
1924 2243 2124 2303 erunt
2186 2261 2489 2316 vermes3
2566 2245 2635 2304 et
2693 2239 2937 2304 electos

833 2364 984 2408 suos
1046 2341 1494 2407 consolabitur
1538 2341 1885 2420 Dominus,
1916 2363 2039 2408 nec
2068 2343 2364 2428 patietur
2410 2347 2487 2407 ut
2532 2363 2641 2408 eos
2684 2341 2941 2429 affligat

834 2447 1082 2532 duplex
1128 2446 1494 2513 tribulatio,
1582 2445 1821 2512 Pacem
1854 2444 2247 2511 universalis
2270 2443 2296 2481 ⁷
2342 2445 2625 2512 ecclesiae
2670 2453 2941 2532 sperant

835 2569 1078 2626 omnes,
1125 2553 1190 2616 et
1249 2569 1393 2614 §.am
1437 2547 1575 2612 fere
1621 2547 1921 2612 universi
1968 2547 2389 2626 desiderant3
2448 2569 2569 2613 nec
2612 2547 2777 2612 alios
2824 2567 2937 2612 ex-

835 2649 1171 2735 cipiendos
1238 2669 1378 2714 esse
1440 2647 1850 2725 crediderim,
1894 2649 2026 2712 nisi
2088 2669 2252 2734 quos
2314 2648 2633 2714 scelerum
2696 2648 2942 2714 consci-

836 2753 1021 2818 entia
1108 2758 1393 2838 torquet,
1475 2752 1879 2818 convincens
1955 2771 2065 2817 eos
2139 2753 2423 2838 propriae
2498 2753 2943 2817 damnationis

838 2854 1154 2921 meruisse
1231 2853 1651 2919 sententiam.
1776 2852 1957 2919 Nam
2034 2857 2106 2919 et
2172 2853 2312 2939 ipse
2382 2854 2739 2940 imperator
2796 2854 2941 2940 jam

838 2961 1252 3043 exaugustus
1318 2960 1630 3042 patenter
1703 2962 2023 3042 expertus
2086 2960 2191 3020 est
2258 2976 2329 3020 se
2392 2956 2465 3019 in
2530 2956 2945 3043 augustalem

839 3082 973 3126 non
1017 3082 1206 3147 posse
1269 3059 1486 3125 redire
1533 3058 1952 3145 dignitatem,
1996 3057 2129 3123 nisi
2192 3078 2421 3144 pacem
2464 3078 2615 3124 cum
2674 3058 2947 3125 ecclesia

841 3165 1086 3240 fecerit,
1131 3184 1254 3229 nec
1321 3162 1652 3227 detrectat
1704 3161 1851 3248 jam
1918 3161 2411 3227 conditionibus
2454 3162 2661 3247 aequis
2728 3164 2947 3229 foedus

845 3265 1012 3330 inire
1077 3287 1228 3330 cum
1306 3263 1537 3342 Italis3
1622 3263 1950 3348 accitique
2016 3262 2313 3329 consules
2382 3263 2733 3329 civitatum
2798 3284 2948 3330 cum

842 3368 1101 3431 nuntiis
1149 3367 1292 3451 ejus
1337 3365 1646 3431 ineundae
1694 3364 1876 3451 pacis
1908 3364 1981 3429 in
2028 3364 2231 3430 Curia
2261 3365 2510 3431 librant
2550 3371 2619 3431 et
2662 3365 2950 3432 formant

843 3469 1174 3545 articuIOS,
1246 3475 1315 3533 et
1383 3467 1712 3533 valituras
1779 3468 1849 3531 in
1916 3472 2254 3554 posterum
2322 3477 2725 3554 componunt
2798 3492 2947 3535 cau-

845 3573 1074 3638 tiones
1201 3571 1426 3657 Hujus
1503 3570 1600 3635 rei
1678 3569 1938 3635 exitum
2014 3569 2528 3657 praestolabatur
2545 3570 2569 3608 ⁸
2645 3572 2949 3637 dominus

848 3675 1064 3740 Senon
1073 3674 1288 3752 ensis3
1335 3674 1452 3759 qui
1515 3678 1744 3757 tamen
1790 3670 2175 3739 Paschalem
2220 3673 2708 3740 solemnitatem
2772 3675 2950 3740 domi

846 3800 984 3843 suae
1029 3776 1176 3842 cred
1185 3776 1323 3841 itur
1368 3781 1438 3840 et
1480 3780 1785 3862 speratur
1828 3780 2111 3841 acturus.
2192 3774 2636 3841 Revertentur
2679 3798 2828 3842 cum
2874 3798 2951 3843 eo

849 3882 990 3945 vita
1057 3879 1296 3946 comite
1369 3878 1872 3945 Gantuariensis
1946 3876 2235 3944 ecclesiae
2302 3884 2771 3964 procuratores
2837 3878 2951 3966 qui

847 3983 1114 4047 domino
1159 4002 1278 4045 suo
1324 3980 1727 4065 scripserunt
1757 3979 2113 4066 petitiones
2158 4001 2313 4045 suas
2357 3981 2707 4067 benignius
2752 4004 2952 4067 quam

809 4084 1280 4171 'speraverant
1297 4079 1324 4119 ⁹
1400 4081 1767 4160 exauditas,
1837 4080 1993 4148 licet
2070 4082 2151 4147 de
2226 4081 2357 4147 fide
2433 4088 2505 4149 et
2578 4084 2956 4151 constantia

847 4186 1101 4253 domini
1174 4204 1366 4270 papae
1443 4184 1572 4249 sibi
1648 4189 1849 4250 antea
1917 4184 2307 4250 viderentur
2386 4206 2525 4251 esse
2588 4185 2953 4252 certissimi.

917 4403 932 4435 ¹
969 4400 1198 4466 quilibet,
1219 4399 1284 4451 L.
2022 4399 2043 4432 ⁶
2078 4402 2352 4463 auctencia,
2377 4400 2466 4461 v;
2501 4403 2775 4463 autentica,
2798 4402 2861 4453 Ο.

911 4480 932 4514 ²
964 4486 1039 4543 ut,
1063 4480 1127 4531 Ο.
2024 4478 2045 4514 ⁷
2078 4479 2383 4531 universalis
2418 4514 2431 4530 .
2468 4516 2480 4529 .
2516 4516 2528 4531 .
2548 4480 2684 4544 fere,
2706 4496 2807 4532 om.
2830 4478 2901 4531 L.

912 4560 933 4593 ³
969 4559 1083 4610 Om.
1109 4558 1170 4610 O.
2021 4556 2044 4589 ⁸
2072 4558 2481 4623 proestolabatur,
2516 4560 2580 4622 O,
2614 4560 2683 4622 V,
2720 4561 2798 4622 Z;
2826 4576 2961 4626 proe·

911 4638 932 4669 ⁴
969 4652 1094 4697 esse,
1117 4637 1183 4688 G.
1956 4636 2248 4698 stolabitur,
2286 4636 2357 4699 L3
2388 4636 2737 4703 proeetoIatur,
2763 4639 2825 4691 G.

912 4718 932 4749 ⁶
968 4716 1256 4766 contrarius
1283 4712 1389 4777 (for
1412 4724 1591 4764 contra
1600 4715 1740 4779 jas),
1763 4714 1828 4765 G.
2025 4714 2045 4746 ⁹
2082 4716 2415 4779 speraverint,
2438 4718 2492 4766 Z.
