3634 5800
939 812 1073 873 348
1842 826 2196 876 EPISTOLAE.
2657 817 2812 899 [A.D.
2851 816 3046 884 1170.

938 1012 1284 1077 fecerimus
1330 1033 1577 1098 pacem,
1640 1013 1726 1077 ad
1794 1013 2113 1079 honorem
2175 1015 2323 1092 Dei,
2401 1020 2488 1093 et,
2535 1021 2613 1080 ut
2691 1038 3046 1102 speramus,

938 1113 1225 1178 ecclesiae
1295 1113 1681 1191 utilitatem,
1726 1120 1796 1179 et
1841 1115 2252 1181 dilatandam
2299 1115 2479 1200 apud
2533 1137 2654 1180 nos
2675 1118 2700 1156 ¹
2762 1119 3044 1183 auctori-

936 1220 1145 1280 tatem
1190 1216 1567 1302 apostolic-de
1614 1217 1801 1282 sedis.
1897 1215 2196 1282 Nuntius
2242 1218 2581 1304 supplebit
2611 1224 2864 1298 caetera,
2897 1241 3044 1306 quae

936 1317 1045 1383 hic
1088 1319 1369 1384 scienter
1415 1324 1481 1384 et
1529 1319 1609 1384 de
1656 1320 1987 1385 industria
2031 1322 2410 1386 reticentur.

1829 1707 2168 1774 DOXOII.

956 1857 1245 1922 TfloMAs
1294 1857 1864 1923 CANTUAmENffls
1909 1875 2497 1924 ARCHIEPISCOPUS
2543 1859 2951 1924 HUMBALoo
2974 1857 3000 1896 ²

1616 1961 1938 2025 Osnmim
1957 1961 1982 2000 ³
2029 1978 2370 2026 EPISCOPO.

1231 2113 1325 2174 (A.
1353 2117 1447 2170 683
1488 2116 1550 2162 Ο.
1576 2111 1627 2162 ii.
1654 2117 1743 2172 625
1787 2113 1844 2162 Z.
1872 2129 1920 2162 v.
1945 2116 2040 2168 492
2077 2114 2212 2176 Lup.
2240 2129 2286 2161 v.
2311 2119 2406 2174 493
2440 2113 2624 2162 Thom.
2648 2116 2758 2174 48.)

1028 2237 1219 2302 Sicut
1262 2238 1348 2302 ad
1396 2238 1611 2303 locum
1637 2237 1663 2275 ⁴
1708 2237 1886 2302 unde
1939 2248 2190 2302 exeunt
2255 2237 2534 2301 flumina
2600 2243 3046 2315 revertuntur,

935 2346 1014 2405 ut
1058 2341 1301 2405 iterum
1332 2340 1593 2417 fluant;
1640 2341 1735 2407 sic
1764 2340 1850 2405 ad
1899 2341 2188 2426 agendas
2234 2339 2473 2425 pieta-ti
2522 2345 2761 2405 vestr-oe
2799 2341 3049 2426 gratias

935 2443 1126 2507 flexis
1168 2442 1449 2530 genibus
1493 2443 1737 2507 mentis
1785 2443 2101 2507 debemus
2148 2443 2468 2520 accedere,
2515 2447 2596 2506 ut
2643 2465 2762 2527 per
2806 2465 2927 2508 vos
2974 2444 3047 2507 in

933 2544 1298 2608 ministerio
1330 2543 1615 2610 ecclesiae
1663 2543 2070 2622 roboremur,
2101 2543 2259 2627 quia
2299 2548 2520 2607 vestra
2539 2543 2564 2595 ⁵
2609 2543 3046 2621 miseratione,

933 2653 1083 2730 post
1144 2646 1379 2722 Deum,
1426 2645 1603 2708 vires
1667 2645 2036 2730 accepimus
2109 2666 2192 2708 ne
2262 2644 2640 2710 caderemus
2704 2644 2776 2709 in
2845 2667 3051 2710 manu

932 2745 1179 2811 hostili.
1270 2745 1485 2810 Amici
1534 2747 1741 2809 nostri
1790 2750 1859 2810 et
1922 2745 2206 2831 proximi
2269 2746 2477 2811 nostri
2523 2750 2854 2812 steterunt
2898 2769 3049 2814 con-

935 2854 1043 2915 tra
1086 2870 1222 2927 nos,
1269 2853 1761 2935 persecutorum
1823 2848 2079 2934 gladios
2124 2854 2450 2925 acuentes
2497 2853 2566 2913 et
2611 2854 2690 2913 ut
2733 2871 2852 2915 nos
2897 2871 3049 2916 con-

935 2951 1290 3017 funderent
1336 2958 1404 3015 et
1449 2955 1881 3027 contererent,
1931 2951 2133 3016 etiam
2195 2951 2320 3014 sub
2366 2951 2525 3035 ipsis
2570 2951 2729 3017 facti
2776 2958 2935 3018 sunt
2979 2954 3054 3018 in

934 3076 1163 3121 arcum
1207 3074 1504 3140 pravum.
1600 3052 1731 3117 Sed
1780 3052 1946 3117 fides
2011 3059 2236 3117 vestra
2299 3052 2372 3115 in
2434 3054 2693 3118 camino
2770 3054 3052 3119 tribula-

838 3226 849 3235 ,
938 3155 1139 3221 tionis
1184 3160 1427 3220 nostrae
1492 3159 1560 3218 et
1625 3175 1935 3239 pressura
2003 3153 2291 3219 ecclesiae
2347 3174 2605 3239 semper
2668 3154 3053 3222 examinata

598 3597 795 3647 Becket

600 3677 872 3726 expresses

596 3730 891 3779 confidence

598 3795 651 3844 in
675 3795 839 3844 Hum-

598 3862 719 3911 bald
744 3862 845 3910 and

598 3940 892 3977 announces

598 3994 687 4043 the
714 4008 889 4044 recon-

600 4060 839 4111 ciliation.

937 3256 1271 3335 clarescit3
1315 3262 1384 3321 et
1448 3255 1691 3322 caritas
1760 3276 1896 3321 non
1945 3276 2244 3339 quaerens
2313 3276 2462 3339 quae
2531 3276 2650 3320 sua
2715 3262 2874 3320 sunt
2937 3258 3054 3323 sed

938 3379 1088 3443 quae
1153 3358 1198 3422 J
1202 3379 1316 3423 esu
1386 3356 1654 3435 Christi,
1720 3378 1761 3420 a
1829 3356 2025 3421 Patre
2090 3355 2692 3421 misericordiarum
2757 3357 3053 3422 obtinuit

938 3484 1183 3549 pacem,
1260 3482 1459 3548 quam
1506 3460 1795 3525 mundus
1860 3461 2016 3524 dare
2085 3482 2220 3524 non
2281 3465 2542 3546 poterat
2593 3466 2714 3525 aut
2775 3484 3048 3548 sperare.

939 3564 1082 3630 Nos
1159 3564 1336 3629 enim
1414 3563 1501 3628 ad
1578 3562 1923 3627 dominum
1991 3568 2291 3626 nostrum
2364 3583 2584 3648 regem
2650 3564 2915 3650 Angliae
2979 3566 3052 3629 in

937 3667 1320 3732 humilitate
1389 3665 1617 3730 debita
1679 3664 2079 3741 accedentes,
2147 3684 2296 3728 cum
2365 3684 2440 3728 eo
2487 3663 2760 3729 fecimus
2807 3687 3052 3751 pacem,

937 3769 1127 3854 cujus
1172 3773 1397 3833 tamen
1463 3772 1607 3831 tota
1654 3766 2034 3831 substantia
2079 3764 2296 3830 adhuc
2318 3764 2345 3802 ⁶
2411 3766 2715 3831 subsistit
2780 3767 2854 3831 in
2921 3790 3052 3853 spe,

938 3870 1054 3935 sed
1122 3892 1272 3955 quae
1337 3873 1605 3934 auctore
1672 3867 1815 3933 Deo
1878 3888 2014 3931 non
2079 3866 2459 3931 confundet.
2553 3866 2730 3932 Nam
2801 3874 2881 3933 ut
2949 3892 3053 3935 res

945 3978 1281 4059 sequatur,
1352 3972 1467 4056 qui
1525 3970 1731 4057 coepit
1752 3970 1778 4011 ⁷
1825 3970 1979 4057 Ipse
2024 3969 2336 4055 perficiet.
2424 3965 2777 4036 Instabant
2845 3971 3055 4057 aliqui

938 4097 1165 4141 eorum
1210 4073 1413 4138 etiam
1460 4072 1577 4157 qui
1636 4074 1959 4137 columnae
2005 4071 2294 4137 ecclesiae
2340 4070 2758 4149 videbantur,
2809 4080 2888 4138 ut
2933 4095 3053 4140 nos

940 4182 1010 4243 et
1065 4182 1281 4242 totam
1330 4196 1596 4241 causam
1657 4175 1785 4239 Dei
1847 4173 2290 4240 conferremus
2343 4172 2417 4236 in
2467 4173 2821 4238 arbitrium
2868 4176 3053 4262 ejus3

1005 4407 1022 4439 ¹
1058 4422 1163 4467 nos,
1211 4405 1279 4463 A,
1328 4404 1413 4463 03
1461 4400 1671 4465 Απμὶυε,
1714 4401 1790 4460 L;
1841 4416 1941 4451 om.
2111 4401 2132 4432 ⁴
2169 4398 2348 4459 lacum,
2381 4402 2459 4453 Ox
2495 4398 2650 4451 locum
2674 4401 2893 4465 (Eccles.
2913 4402 2946 4452 i.
2972 4406 3052 4465 7),

938 4486 1025 4596 v}
1062 4561 1312 4620 Haben-tv,
1338 4560 1420 4619 A;
1445 4573 1545 4608 om.
1569 4557 1649 4617 L3
1678 4540 1944 4615 Hubaldo,
2041 4480 2130 4590 81⁸⁵
2167 4566 2347 4618 vestra,
2373 4560 2440 4617 A,
2463 4558 2536 4617 Z3
2572 4559 2689 4619 ista,
2712 4557 2771 4607 L.

2110 4636 2131 4667 ⁶
2167 4634 2354 4697 adhuc,
2377 4636 2446 4695 A,
2471 4637 2548 4694 Ζ;
2584 4652 2684 4686 om.
2711 4637 2770 4687 L.

940 4644 1003 4693 Z.

1004 4722 1025 4753 ³
1066 4719 1338 4777 Hostiemr',
1362 4717 1420 4766 L.
2109 4714 2134 4751 7
2153 4714 2306 4779 fecit,
2329 4714 2389 4763 Ia.
