3634 5800
658 864 791 916 Aa).
826 846 1049 931 1171.]
1524 862 1881 911 nmsrom.
2635 848 2762 911 441

658 1043 979 1121 minister,
1046 1044 1329 1110 salutem
1404 1048 1476 1109 et
1548 1044 1846 1110 debitam
1923 1064 2074 1110 oum
2153 1044 2334 1109 omni
2410 1045 2766 1110 devotione

660 1144 1123 1211 obedient-iam.

758 1246 994 1312 Vestro
1072 1246 1494 1333 apostolatui,
1558 1250 1749 1331 pater
1825 1250 2066 1323 sancte,
2135 1246 2294 1312 data
2377 1260 2494 1317 est,
2553 1246 2766 1311 omnis
2793 1264 2974 1329 Henry

662 1352 957 1431 potestas
1002 1348 1076 1411 in
1122 1347 1281 1413 eaelo
1314 1352 1383 1413 eb
1426 1348 1498 1410 in
1532 1352 1728 1425 terra,
1758 1347 2020 1434 gladius
2065 1368 2302 1433 anceps
2345 1348 2418 1411 in
2463 1347 2766 1413 manibus
2791 1330 3010 1445 ἀέξέὃιῖᾱ

658 1449 912 1513 vestris.
1055 1449 1272 1535 Super
1336 1454 1567 1536 gentes
1628 1454 1697 1514 et
1770 1470 1976 1536 regna
2037 1450 2388 1515 constituti
2465 1450 2622 1514 estis
2682 1449 2768 1513 ad
2793 1412 3022 1511 arder?

661 1549 1027 1636 alligandos
1071 1571 1257 1635 reges
1302 1572 1529 1615 eorum
1574 1550 1647 1614 in
1678 1549 2120 1637 compedibus,
2153 1555 2222 1615 et
2260 1550 2514 1615 nobiles
2544 1571 2766 1615 eorum

660 1650 733 1715 in
791 1651 1067 1717 manicis
1134 1651 1381 1717 ferreis.
1492 1652 1665 1716 Vide
1732 1672 1886 1737 ergo
1950 1650 2232 1729 domine,
2295 1656 2365 1716 et
2431 1652 2770 1717 considera

657 1772 853 1836 quem
900 1752 1461 1818 vindemiaverint
1481 1750 1505 1790 ¹
1568 1754 1681 1818 ita.
1805 1753 2086 1818 Vineam
2153 1774 2438 1837 namque
2516 1753 2764 1818 domini

656 1852 935 1918 sabaoth
980 1845 1451 1920 e‘xberminavit
1496 1875 1653 1940 aper
1704 1854 1786 1918 de
1831 1854 2040 1940 sylva,
2072 1859 2140 1919 et-
2185 1853 2538 1940 singulaxis
2581 1854 2763 1919 ferus

659 1954 969 2040 depastus
1033 1961 1135 2021 est
1154 1953 1181 1994 ²
1242 1977 1402 2022 eam.
1528 1956 1820 2023 Ecclesia
1879 1956 2204 2041 siquidem
2251 1956 2763 2033 Cantuariensis,

656 2054 860 2120 immo
906 2055 1299 2122 universalis
1365 2057 1651 2134 ecclesia,
1698 2058 2022 2143 sanguine
2081 2062 2377 2122 roranbes
2437 2058 2764 2142 lacrymas

656 2160 726 2219 et
776 2157 1219 2223 amaritudine
1280 2179 1545 2243 asperas
1606 2179 1647 2223 a
1709 2158 1956 2223 finibus
2021 2163 2210 2222 terrae
2274 2158 2348 2221 in
2411 2164 2760 2243 conspeetu

658 2263 879 2324 vestro
924 2259 1225 2338 effundit,
1275 2260 1431 2345 quia
1475 2261 1693 2345 posita
1738 2266 1840 2324 est,
1886 2260 2075 2345 quasi
2120 2260 2384 2345 signum
2429 2262 2516 2324 ad
2563 2262 2764 2346 sagit·

658 2364 817 2437 tam,
860 2360 1039 2425 faeta
1099 2367 1201 2425 est
1259 2361 1685 2447 opprobrium
1748 2360 1988 2424 vicinis
2046 2360 2202 2438 suis,
2247 2365 2318 2425 et
2368 2361 2484 2446 qui
2529 2362 2766 2426 vident

656 2481 801 2525 eam
862 2467 1136 2526 movent
1179 2463 1399 2548 capita
1442 2460 1611 2526 sua³
1638 2482 1836 2546 super
1867 2460 2376 2539 eam,‘dicentes‚
2424 2468 2456 2497 “
2479 2461 2617 2525 Ubi
2663 2468 2765 2527 est

655 2570 689 2595 “
710 2562 892 2626 Deus
922 2584 1146 2629 eorum
1172 2562 1251 2627 2’'
1344 2564 1501 2648 Ipsa
1529 2568 1753 2628 autem
1783 2582 2052 2647 gemens
2083 2566 2154 2626 et
2181 2583 2495 2627 conversa
2525 2568 2762 2627 retror-

656 2684 803 2726 sum
848 2664 1091 2730 elamat
1136 2665 1209 2727 in
1250 2664 1522 2729 auribus
1566 2664 1841 2729 Domini
1858 2663 1886 2702 ⁴
1931 2663 2360 2741 exercituum,
2409 2669 2442 2697 ‘⁴
2464 2664 2761 2741 Vindioa„

658 2772 691 2797 “
738 2763 1039 2842 Domine,
1086 2765 1473 2853 sanguinem
1535 2764 1710 2829 servi
1755 2764 1861 2827 tui
1922 2770 1992 2829 et
2054 2764 2366 2847 martyris
2413 2763 2763 2829 Cantuari-

658 2872 691 2898 ‘⁴
738 2866 912 2931 ensis
958 2865 1445 2952 archiepiscopi,
1492 2866 1608 2949 qui
1656 2865 1906 2932 occisus
1951 2868 2070 2944 est,
2119 2865 2340 2943 immo,
2400 2885 2517 2950 pro
2563 2866 2762 2930 liber-

660 2971 695 3000 “
741 2971 883 3032 tabe
926 2968 1231 3046 ecclesiae,
1263 2967 1667 3034 crucifixus.”
1760 2967 1960 3031 Pater
2003 2971 2244 3043 sancte,
2291 2967 2566 3030 verbum
2611 2967 2759 3033 hor-

657 3071 952 3148 rendum,
1000 3071 1255 3137 facinus
1320 3071 1746 3157 flagitiosum,
1792 3091 2056 3135 enorme
2116 3068 2448 3154 flagitium
2507 3069 2760 3134 factum

658 3177 761 3236 est
819 3173 893 3236 in
958 3173 1189 3237 diebus
1234 3171 1524 3252 vestris}⁵
1568 3172 1747 3256 quod
1814 3171 2214 3256 quicumque
2277 3169 2566 3234 audierit
2630 3171 2762 3234 tin-

656 3274 847 3339 nient
890 3275 1103 3340 ambae
1148 3296 1339 3340 aures
1386 3275 1443 3360 ej
1451 3295 1546 3337 us.
1658 3273 1815 3339 Non
1861 3279 1962 3338 est
1991 3272 2298 3337 auditum
2343 3272 2416 3336 in
2445 3272 2764 3352 Theman,

660 3397 874 3461 neque
895 3373 923 3412 ⁶
966 3377 1185 3441 visum
1249 3376 1321 3440 in
1366 3375 1703 3442 Chanaan.
1825 3373 2017 3438 Aiter
2061 3374 2390 3458 siquidem
2451 3374 2764 3454 HerodeS,

662 3497 884 3542 semen
954 3476 1275 3544 Chanaan
1344 3480 1413 3542 et
1490 3497 1624 3542 non
1688 3475 1733 3540 J
1734 3475 1888 3554 uda,
1957 3476 2302 3561 progenies
2368 3476 2766 3562 viperarum,

658 3579 874 3642 missis
918 3600 959 3644 a
1002 3580 1207 3644 latere
1268 3600 1388 3644 suo
1450 3578 1810 3654 lictoribua
1859 3578 2121 3663 signum
2185 3576 2550 3644 Dominieae
2619 3601 2765 3664 pas-

664 3679 885 3760 sionis,
951 3678 1127 3765 quod
1194 3679 1475 3766 desuper
1546 3679 1619 3743 in
1677 3678 1924 3744 vertice
1990 3677 2280 3763 gerebat,
2347 3699 2764 3764 nequaquam

658 3779 1007 3845 exhorruit.
1050 3779 1395 3865 profundis
1448 3799 1719 3844 exarare
1764 3773 2199 3855 vulneribus‚⁷
2243 3782 2314 3841 et
2355 3779 2532 3843 nobis
2555 3777 2580 3816 ⁸
2624 3784 2764 3844 tur-

657 3881 854 3968 pibus
884 3881 1209 3947 eaelestem
1241 3880 1603 3946 deformare
1650 3879 2023 3966 imaginem.
2117 3877 2291 3944 Proh
2325 3879 2548 3945 dolor!
2592 3881 2766 3945 sicut,

654 3982 865 4047 omnis
897 3982 1167 4048 eeclesia
1204 3987 1581 4047 sanctorum
1598 3977 1625 4018 ⁹
1667 3981 1916 4057 asserit,
1946 3979 2164 4065 ipsum
2195 3979 2355 4045 facit
2401 3985 2762 4067 martyrem

654 4088 725 4147 et
752 4082 801 4122 ¹⁰
861 4103 1063 4167 poena
1137 4083 1385 4170 pariter
1452 4087 1521 4146 et
1587 4101 1827 4158 eausa3
1903 4101 2118 4166 poena,
2189 4079 2377 4146 dolor
2434 4082 2758 4166 passionis

720 4337 736 4370 ¹
770 4335 1197 4397 vindemiaverint,
1242 4337 1308 4398 O,
1352 4335 1423 4396 23
1482 4332 1655 4383 vinde-
1808 4331 1831 4365 ὓ
1861 4348 2036 4397 neque,
2062 4331 2136 4392 23
2169 4349 2260 4382 nec
2283 4340 2374 4392 est,
2397 4334 2460 4384 L.

650 4418 949 4479 minuerunt,
970 4415 1031 4467 L.
1804 4409 1828 4447 ⁷
1864 4409 2164 4471 muneribus,
2187 4411 2256 4462 V.

718 4493 739 4525 ²
774 4501 865 4554 eet,
886 4509 987 4544 om.
1010 4495 1074 4542 V.
1804 4487 1829 4520 ⁸
1863 4489 2009 4549 votis,
2031 4487 2100 4540 L.

718 4572 741 4606 ⁸
774 4587 887 4634 sua,
911 4573 975 4636 Ο,
1000 4573 1071 4632 V,
1098 4572 1173 4633 Z;
1208 4586 1307 4622 om.
1335 4567 1403 4620 1..
1804 4564 1826 4596 ⁹
1859 4573 2162 4629 sanctorum,
2184 4567 2252 4626 Z;
2289 4581 2389 4617 om.
2415 4567 2476 4620 L.

716 4651 737 4683 ⁴
774 4650 1041 4711 Dominus,
1064 4651 1135 4700 V.
1810 4643 1852 4677 ¹⁰
1885 4650 1950 4706 et,
1973 4644 2048 4704 z;
2084 4661 2184 4695 om.
2209 4645 2270 4695 L.

718 4729 739 4762 ⁶
771 4729 975 4788 nustria,
997 4730 1064 4789 Ο,
1086 4729 1141 4778 Ζ.
