3634 5800
701 885 831 942 an.
869 868 1092 956 1170]
1571 885 1933 936 uns-mnae.
2676 872 2811 938 259

705 1071 1194 1160 Contemplatio
1239 1073 1368 1138 viri
1438 1073 1782 1140 clarissimi
1826 1073 2017 1140 vobis
2084 1073 2357 1159 adjiciat
2424 1071 2697 1151 animos,
2744 1078 2813 1137 et
2836 1070 3095 1148 ljthorta-

703 1196 856 1240 eum
903 1176 1018 1260 qui
1060 1196 1182 1242 vos
1249 1176 1546 1260 generosi
1609 1176 1950 1260 sanguinis
2012 1175 2209 1240 titulo
2278 1176 2645 1242 illustravit
2706 1195 2810 1242 co-
2835 1145 3029 1254 332¹}ssss

705 1277 977 1342 aetaneis
1041 1280 1110 1342 et
1171 1278 1450 1363 posteris
1517 1281 1985 1364 repraesentate
2054 1277 2347 1342 moribus
2412 1285 2481 1344 et
2539 1278 2809 1343 virtute.
2835 1268 2958 1322 him.

706 1378 862 1444 Huc
904 1379 1156 1446 accedit
1218 1379 1506 1446 colendae
1551 1379 1825 1444 virtutis
1886 1379 2172 1444 nobilior
2232 1378 2491 1457 titulus,
2536 1381 2801 1466 pontifi-

705 1479 865 1546 calis
909 1502 1100 1565 apex,
1148 1482 1282 1566 qui,
1327 1481 1502 1547 sicut
1547 1481 1911 1567 episcopale
1958 1479 2240 1546 officium
2274 1481 2560 1547 fideliter
2604 1483 2812 1546 adim-

705 1581 964 1665 plentes
1008 1580 1316 1667 ampliori
1359 1581 1568 1666 gloria
1619 1587 1690 1646 et
1733 1581 1979 1647 honore
2040 1587 2453 1648 coruscantes
2500 1581 2811 1659 illustrat,

707 1682 802 1748 sic
845 1682 1116 1748 timidos
1160 1687 1230 1748 et
1271 1683 1548 1768 ignavos
1617 1682 1962 1768 abjectiori
2022 1683 2287 1749 vilitate
2332 1684 2555 1774 reddit
2598 1685 2809 1771 inglo-

707 1783 856 1848 rios,
950 1784 1065 1848 Sal
1127 1784 1304 1849 enim
1367 1783 1781 1850 infatuatum
1827 1786 1915 1849 ad
1980 1785 2265 1850 nihilum
2316 1786 2480 1851 utile
2528 1791 2646 1863 est,
2692 1785 2809 1851 sed

706 1889 900 1950 tanta
942 1885 1310 1972 abjectione
1339 1885 1600 1950 vilescit
1648 1889 1727 1949 ut
1771 1905 1893 1950 nec
1938 1887 2331 1954 stercoribus
2395 1893 2811 1974 comparetur

709 1987 952 2072 quibus
998 2009 1306 2074 agrorum
1353 1987 1817 2052 infoecunditas
1864 1987 2301 2074 propulsatur.
2396 1990 2575 2054 Nam
2603 1994 2685 2054 ut
2713 1991 2831 2080 ait*

710 2090 973 2176 Martyr
1019 2091 1436 2176 Cyprianus:
1499 2099 1535 2126 “
1557 2091 1920 2176 Episcopus
1982 2092 2039 2155 si
2102 2093 2377 2158 timidus
2424 2099 2543 2170 est,
2586 2099 2811 2160 actum

713 2202 747 2228 “
795 2198 898 2258 est
941 2195 1022 2260 de
1083 2194 1212 2260 e0.’'
1232 2207 1264 2240 a
1351 2195 1614 2271 Actum,
1659 2195 1895 2279 inquit,
1942 2195 2111 2278 quia,
2142 2218 2291 2261 cum
2338 2197 2552 2282 ipsum
2618 2198 2816 2262 timor

717 2297 1094 2360 mundanus
1155 2296 1452 2361 effoetum
1473 2295 1499 2334 ¹
1551 2295 1932 2373 reddiderit,
1976 2303 2279 2383 superest
2320 2305 2400 2364 ut
2444 2300 2532 2364 acl
2592 2300 2815 2365 omnia

712 2396 1065 2462 salubriter
1108 2398 1364 2484 agenda
1431 2396 1694 2462 inutilis
1757 2398 1863 2463 sit.
1958 2397 2219 2465 Caritas
2287 2422 2441 2486 ergo
2511 2404 2812 2470 timorem

712 2499 892 2566 hunc
957 2500 1266 2586 expellat,
1313 2503 1394 2564 ut
1456 2499 1686 2587 populi
1754 2499 1987 2566 ducem
2055 2503 2386 2587 expediat,
2432 2504 2591 2588 quia
2654 2506 2813 2569 defi-

713 2602 950 2666 cientis
1024 2601 1260 2666 timore
1337 2601 1522 2666 ducis
1587 2599 1964 2666 exhortatio
2032 2623 2447 2687 nequaquam
2524 2605 2815 2670 militum

713 2707 936 2788 potest
1001 2703 1257 2767 animos
1321 2703 1408 2768 ad
1471 2701 1672 2767 fortia
1733 2703 2057 2768 roborare.
2150 2704 2241 2767 Et
2308 2705 2573 2790 quidem
2643 2715 2816 2772 nutu

717 2805 968 2869 Divino
1034 2804 1362 2868 credimus
1425 2805 1753 2883 accidisse,
1817 2807 1899 2868 ut
1964 2825 2082 2869 vos
2150 2807 2236 2870 ad
2304 2809 2813 2893 propulsandam

715 2908 952 2971 matris
1019 2912 1274 2984 vestrae,
1321 2911 1568 2973 sanctae
1631 2908 1881 2973 scilicet
1947 2905 2445 2975 Cantuariensis
2513 2911 2817 2988 ecclesiae,

716 3010 1029 3095 injuriam
1076 3008 1309 3073 diebus
1367 3008 1474 3073 his
1537 3010 1893 3094 contigerit
1914 3006 1940 3047 ²
1984 3010 2427 3088 transfretare,
2475 3034 2605 3097 quo
2650 3036 2815 3098 prae-

713 3111 1084 3176 sentialiter
1127 3109 1430 3173 resistere
1483 3109 1748 3195 possitis
1793 3109 1905 3185 eis,
1952 3108 2128 3173 sicut
2172 3111 2361 3175 nobis
2407 3114 2816 3197 promisistis,

715 3213 829 3298 qui
878 3234 1021 3277 eam
1067 3213 1274 3298 gratis
1319 3212 1572 3275 diutius
1617 3210 2017 3288 afflixerunt,
2063 3216 2131 3277 et
2175 3212 2393 3278 adhuc
2438 3215 2579 3277 sine
2622 3236 2821 3281 causa

714 3319 1020 3399 quaerunt
1052 3313 1339 3378 animam
1387 3314 1543 3397 ejus,
1586 3318 1665 3376 ut
1707 3312 2015 3377 auferant
2058 3334 2218 3379 eam.
2311 3314 2503 3393 Quod
2550 3321 2645 3392 ut,
2691 3316 2817 3381 Dei

712 3420 1050 3501 praeeunte
1095 3415 1329 3499 gratia,
1376 3415 1780 3479 commodius
1826 3414 2037 3481 facere
2081 3416 2379 3496 valeatis,
2412 3438 2529 3482 vos
2576 3418 2819 3484 litteris

715 3514 967 3582 domini
1038 3536 1246 3600 papae,
1315 3521 1636 3600 tanquam
1703 3516 1907 3581 armis
1975 3516 2245 3596 bellicis,
2292 3520 2819 3603 praemuniendos

713 3639 850 3682 esse
919 3617 1344 3692 decrevimuS,
1391 3621 1470 3680 ut
1532 3617 1813 3682 fratrum
1878 3624 2252 3682 nostrorum
2313 3621 2510 3685 corda
2554 3622 2819 3706 possitis

715 3718 1037 3784 efficacius
1081 3718 1156 3781 in
1222 3717 1512 3783 Domino
1577 3718 1981 3784 confirmare.
2074 3720 2406 3806 Rogamus
2465 3722 2691 3809 itaque
2751 3730 2819 3789 et
2846 3722 2959 3798 'ljhe
3055 3786 3064 3797 ,

716 3821 1128 3901 obsecramus
1173 3819 1248 3883 in
1292 3819 1578 3885 Domino
1617 3820 1664 3885 J
1665 3842 1779 3885 esu
1829 3820 2109 3897 Christo,
2142 3828 2210 3885 et
2255 3823 2327 3885 in
2372 3824 2621 3888 virtute
2669 3825 2819 3891 obe·
2844 3788 3135 3917 2⁸23&ssss

718 3920 1005 3999 dientiae,
1053 3926 1121 3985 et
1165 3922 1238 3984 in
1283 3920 1574 4005 periculo
1621 3920 1837 3998 officii,
1878 3921 2161 4000 honoris»,
2196 3929 2264 3988 et
2309 3924 2607 3991 beneficii
2654 3947 2819 4010 prae-
2848 3936 2881 3969 a
2902 3933 3111 3969 corona-

714 4022 1012 4108 cipimUS,
1059 4028 1388 4107 quatenus
1432 4021 1692 4087 litteras
1759 4024 2172 4108 apostolicas,
2219 4045 2385 4110 quas
2430 4026 2621 4091 vobis
2668 4028 2823 4093 mit·
2850 3983 3145 4117 ssffigssfsffffi

1658 4165 1727 4170 --—-
1746 4166 1773 4170 —
1847 4166 1958 4171 —--—
1983 4166 2019 4171 ...
2071 4167 2094 4172 ψ
2123 4167 2140 4171 -.
2164 4166 2460 4173 --,.---.---,.--
2488 4169 2500 4173 -
2565 4169 2610 4173 --
2629 4168 2659 4175 .-

781 4224 798 4257 ¹
834 4224 1074 4291 effectum,
1121 4227 1203 4285 A3
1254 4225 1481 4291 effoetum‚
1519 4226 1596 4284 L;
1644 4226 1721 4273 τή-
1761 4226 1772 4367 Ι
1885 4224 1907 4257 2
1938 4227 2223 4289 contiqevit,
2258 4226 2328 4285 A,
2353 4226 2415 4289 O,
2438 4227 2523 4287 V;
2558 4230 2820 4294 coutinqi!‚

701 4304 896 4369 fecerit
922 4304 1030 4366 (for
1052 4304 1138 4368 effi
1161 4304 1352 4365 redd.),
1378 4304 1443 4353 G.
1825 4303 1890 4354 L.

782 4464 802 4487 ⁸
837 4462 868 4485 “
895 4456 950 4507 Si
987 4495 998 4506 .
1037 4495 1050 4507 .
1089 4493 1100 4506 .
1135 4458 1554 4522 nequissimorum
1571 4459 1711 4509 timc-
1823 4463 1854 4487 ‘⁴
1889 4458 2079 4523 vigore,
2095 4462 2221 4509 etde
2242 4460 2467 4511 ecclesiae
2485 4464 2823 4528 gubernaudae

716 4539 748 4563 ‘³
784 4542 898 4583 atur
921 4534 1154 4595 audacia,
1178 4544 1230 4585 et
1263 4538 1396 4599 quod
1431 4536 1550 4586 mali
1580 4538 1720 4599 jure·
1823 4544 1854 4567 ‘⁶
1893 4540 2111 4588 sublima
2127 4554 2187 4589 ac
2202 4540 2376 4590 divina
2394 4544 2695 4605 potestate.‘’
2732 4546 2824 4609 Ep.

715 4618 748 4641 ‘⁶
785 4622 936 4677 utque
973 4614 1204 4678 aequitate
1237 4632 1336 4664 non
1377 4624 1606 4678 possunt,
1645 4633 1720 4665 sc·
1824 4619 1889 4665 ad
1938 4618 2238 4682 Con-elium,
2282 4620 2379 4683 Ep.
2421 4624 2503 4681 55,
2530 4624 2611 4673 ed.
2648 4625 2825 4674 Baluz.

723 4698 752 4720 “
792 4693 1006 4742 veritate
1051 4710 1111 4744 ac
1166 4694 1520 4757 desperatione
1579 4695 1722 4757 porli-
1828 4694 2049 4759 (Migne‚
2073 4696 2142 4746 iii.
2170 4700 2311 4762 798).

716 4776 749 4799 “
792 4771 953 4835 ciunt,
983 4780 1152 4823 actum
1192 4779 1269 4822 est
1305 4774 1366 4821 (lo
1407 4773 1722 4837 episcopatus·
1764 4761 1769 4779 ’

2427 4850 2559 4913 1³2
