3634 5800
868 828 999 889 532
1749 847 2114 897 EPIsToLAE.
2589 833 2749 917 [Am.
2786 828 2978 901 1172.

859 1038 1069 1101 totam
1099 1038 1331 1103 mundi
1362 1039 1629 1104 domum
1662 1039 1866 1104 istum
1897 1040 2155 1125 spirant
2184 1040 2464 1116 odorem,
2497 1044 2567 1105 et
2627 1038 2830 1103 mutis
2858 1038 2974 1103 ad-

858 1138 989 1202 huc
1036 1138 1456 1205 ecclesiarum
1524 1140 1948 1225 principibus,
1995 1142 2214 1205 nescio
2260 1161 2407 1225 quae
2451 1138 2978 1225 contemptibilia

866 1240 1097 1321 mundi
1166 1244 1234 1305 et
1311 1240 1569 1325 abjecta
1642 1241 1824 1306 illius
1887 1242 2314 1327 primogeniti
2381 1241 2588 1306 vestri
2661 1240 2976 1325 martyris

872 1342 1121 1407 Christi
1184 1342 1465 1427 gloriam
1514 1344 1825 1407 universo
1887 1349 2222 1407 terrarum
2272 1342 2430 1407 orbe
2491 1341 2976 1429 praeconizant3

536 1450 649 1527 'rue
671 1449 850 1499 autho·
871 1446 1094 1509 videte
1140 1446 1439 1510 ordinem
1502 1446 1560 1510 si
1624 1452 2122 1531 praeposterum,
2186 1467 2304 1511 vos
2370 1445 2694 1511 videritis.
2785 1444 2978 1531 Epis-

537 1516 849 1631 ffssffssessfff?
876 1567 1075 1632 copus
1150 1552 1341 1623 tacet,
1418 1547 1703 1632 populus
1778 1548 2196 1633 evangelizat
2285 1599 2298 1611 .
2392 1598 2406 1613 .
2501 1598 2514 1613 .
2609 1600 2621 1610 .
2716 1547 2822 1623 Et,
2897 1551 2980 1610 ut

536 1649 727 1699 behind
752 1647 839 1697 the
879 1648 1097 1711 minus
1174 1647 1436 1733 sapiens
1508 1647 1740 1723 dicam,
1815 1648 1931 1732 qui
2025 1647 2302 1733 perfecit
2391 1647 2607 1713 adhuc
2689 1647 2978 1724 haesitat,

534 1716 755 1845 ξξζῗξᾏιέτ
878 1748 1126 1815 scilicet
1194 1749 1333 1834 ipse
1377 1770 1549 1835 papa
1612 1738 1727 1833 qui
1793 1748 2072 1836 pallium
2134 1750 2320 1814 misit
2385 1755 2611 1813 sancto
2674 1748 2984 1827 Thomae3

880 1853 996 1938 qui
1059 1872 1215 1917 vero
1283 1851 1633 1929 destruxit,
1699 1852 1956 1918 scilicet
2024 1852 2454 1938 spiculatores
2515 1852 2982 1917 incunctanter

881 1953 1150 2018 exaltat.
1242 1952 1440 2017 Unde
1484 1958 1555 2017 et
1619 1953 1693 2017 in
1760 1974 1836 2018 eo
1905 1954 2083 2039 quod
2147 1974 2324 2018 nunc
2383 1952 2776 2017 mirabiliter
2819 1952 2982 2018 facit.

881 2055 1207 2121 Dominus
1275 2055 1345 2118 in
1412 2054 1539 2120 hoc
1606 2062 1835 2119 sancto
1900 2076 2021 2120 suo
2085 2054 2406 2120 mirabilis
2473 2060 2591 2131 est,
2662 2076 2860 2141 quem
2904 2076 2983 2119 eo

882 2156 1412 2245 magnificentius
1501 2156 1828 2241 glorificat
1891 2178 2020 2242 quo
2082 2157 2453 2221 mirabilius
2551 2156 2985 2242 evangelizat.

546 2272 659 2323 The
682 2283 815 2319 mar·
886 2260 978 2324 Et
1021 2265 1101 2323 ut
1145 2264 1356 2323 tantae
1400 2258 1736 2344 majestati
1806 2280 1943 2324 non
1990 2265 2128 2324 tam
2192 2263 2440 2324 temere
2485 2279 2685 2343 quam
2729 2258 2983 2335 timide,

546 2335 849 2455 ζξξξεέῗὼ
886 2359 1069 2426 salvo
1117 2360 1233 2424 illo
1294 2358 1615 2445 singulari
1683 2359 1974 2444 primatu
2019 2364 2136 2425 tuo
2172 2360 2298 2444 ‘qui
2343 2358 2650 2424 omnibus
2719 2365 2984 2444 praeest,

546 2473 783 2520 deserves
885 2466 1132 2549 loquor,
1165 2461 1351 2526 nullo
1381 2466 1733 2547 expectato
1762 2462 2100 2547 superiore
2129 2461 2462 2538 mandat0,
2494 2464 2810 2547 martyris
2839 2462 2980 2547 pal-

545 2537 805 2653 gqemggp-ry
885 2587 1062 2632 mam
1145 2563 1452 2649 martyrii
1524 2562 1735 2649 gloria
1806 2584 1965 2628 mox
2041 2561 2353 2648 subsequi
2428 2563 2779 2641 debuisset,
2856 2565 2982 2630 etsi

548 2670 765 2735 tyrdom.
884 2669 1143 2734 nullum
1188 2666 1441 2731 fuisset,
1475 2664 1755 2730 visibilis
1819 2665 1993 2749 signi
2063 2664 2530 2732 testimonium.
2622 2667 2767 2734 Nec
2809 2669 2988 2734 enim

884 2770 1174 2835 arbitror
1235 2767 1618 2854 exemplum
1685 2773 1947 2833 exstare
1993 2768 2099 2833 vel
2169 2768 2490 2854 scriptum
2553 2791 2685 2855 quo
2747 2771 2987 2837 debeat

887 2873 975 2940 ad
1049 2884 1186 2938 tuae
1260 2869 1695 2948 auctoritatis,
1773 2891 1923 2955 quae
1998 2869 2180 2935 omni
2225 2870 2588 2956 praeminet,
2655 2872 2984 2938 consulta-

890 2975 1144 3040 tionem
1188 2971 1418 3038 referri
1461 2971 1674 3058 gloria
1736 2971 2072 3057 martyria,
2136 2993 2292 3037 mox
2353 2994 2506 3040 cum
2551 2973 2633 3038 de
2677 2975 2988 3057 martyrii

889 3076 1112 3162 palma
1156 3073 1547 3149 constiterit,
1590 3095 1675 3138 ne
1720 3073 1793 3138 in
1859 3073 2175 3139 relatione
2239 3074 2362 3140 hac
2403 3075 2717 3161 martyris
2761 3075 2989 3161 gloriae

890 3177 1013 3242 fiat
1058 3175 1360 3262 quaedam
1406 3174 1724 3260 injuriosa
1792 3175 2043 3240 dilatio.
2167 3175 2323 3240 Alia
2385 3176 2628 3262 quippe
2671 3177 2989 3242 confesso-

892 3300 1041 3343 rum
1105 3276 1415 3362 dignitas,
1494 3275 1681 3340 aliud
1742 3298 1900 3341 vero
1973 3277 2282 3360 martyrii
2357 3274 2780 3364 privilegium
2872 3284 2988 3343 est.

892 3380 1071 3445 Nam
1118 3378 1176 3443 si
1245 3379 1349 3462 (ut
1398 3377 1773 3470 'auctoritas
1837 3377 2064 3461 habet)
2133 3399 2330 3445 eausa
2396 3384 2750 3462 martyrem
2811 3379 2990 3456 facit,

896 3501 1055 3546 mox
1144 3484 1223 3544 ut
1313 3478 1396 3543 de
1470 3499 1671 3543 causa
1756 3480 2147 3556 constiterit,
2238 3480 2318 3544 de
2395 3480 2717 3565 martyrio
2805 3481 2993 3547 nulla

898 3581 1179 3668 quaestio
1256 3584 1372 3645 est.
1494 3579 1592 3644 At
1664 3601 1862 3645 causa
1935 3579 2046 3647 hic
2120 3581 2351 3667 liquet.
2489 3580 2706 3647 Scivit
2778 3583 2990 3648 omnis

897 3684 1169 3751 ecclesia
1214 3687 1285 3747 et
1328 3683 1506 3747 vidit
1550 3687 1619 3748 et
1662 3682 1828 3770 legit
1873 3705 2136 3748 causam
2183 3684 2390 3770 ipsius
2409 3682 2434 3720 ¹
2479 3683 2811 3769 scriptam,
2844 3707 2998 3770 pro-

903 3787 1047 3872 prio
1091 3784 1298 3850 etiam
1346 3788 1416 3848 et
1478 3789 1705 3849 sancto
1766 3789 1886 3849 tuo
1931 3785 2233 3849 examine
2293 3783 2742 3869 approbatam,
2789 3808 2992 3871 quare

896 3893 967 3954 et
1011 3887 1092 3952 de
1122 3885 1445 3970 martyrio
1490 3884 1826 3950 haesitatio
1873 3907 2010 3950 esse
2054 3907 2190 3951 non
2220 3886 2434 3966 debet,
2481 3908 2523 3949 a
2566 3887 2744 3952 notis
2788 3889 2992 3952 etiam

898 3987 1221 4064 omnibuS,
1269 4008 1415 4072 quae
1460 3985 1507 4050 J
1509 3985 1681 4051 udaei
1726 3973 1982 4070 petunt,
2030 4009 2298 4072 operum
2349 3987 2710 4052 visibilium
2741 3989 2994 4076 signis3

898 4097 978 4156 ut
1021 4091 1094 4154 in
1139 4110 1249 4155 ore
1297 4088 1577 4152 duorum
1622 4089 1889 4152 firmum
1935 4094 2069 4153 stet
2114 4111 2305 4154 omne
2350 4089 2653 4175 martyrii
2698 4091 2996 4155 testimo·
3037 4155 3046 4164 ,

562 4217 805 4268 Min-acles
901 4195 1105 4258 nium.
1198 4189 1396 4255 Unde
1442 4190 1661 4266 etiam,
1708 4194 1778 4254 et
1823 4191 2068 4275 absque
2129 4191 2329 4257 tertio
2373 4196 2599 4256 nostro
2629 4191 2995 4257 visibilium

558 4292 650 4336 ¹¹⁰*
666 4283 875 4335 needed.
902 4298 1244 4382 signorum
1276 4292 1672 4370 testimonio,
1718 4299 2090 4377 martyrum
2137 4291 2316 4357 mille
2363 4293 2572 4357 millia
2613 4297 2811 4369 sunt3
2864 4294 2997 4359 iuis

903 4398 1110 4464 etiam
1154 4394 1283 4460 Dei
1330 4393 1537 4459 servis
1586 4393 1791 4480 (quod
1838 4415 1914 4458 eo
1955 4393 2446 4479 lacrymabilius
2491 4415 2622 4479 quo
2665 4395 2997 4460 crudelius

906 4477 1043 4583 est)
1082 4496 1255 4562 asini
1321 4493 1601 4580 sepultis
1645 4493 2010 4580 sepultura.
2104 4495 2480 4560 Posuerunt
2545 4495 2740 4574 enim,
2793 4497 3003 4582 juxta

1232 4753 1252 4788 ¹
1285 4755 1535 4819 sanquine
1565 4768 1728 4806 seems
1762 4763 1817 4806 to
1851 4755 1915 4805 be
1949 4755 2177 4820 wanting
2199 4755 2374 4808 before
2397 4756 2654 4821 scriptam.
