<?xml version="1.0" encoding="UTF-8"?>
<!DOCTYPE html PUBLIC "-//W3C//DTD XHTML 1.0 Transitional//EN"
    "http://www.w3.org/TR/xhtml1/DTD/xhtml1-transitional.dtd">
<html xmlns="http://www.w3.org/1999/xhtml" xml:lang="en" lang="en">
 <head>
  <title>
</title>
<meta http-equiv="Content-Type" content="text/html;charset=utf-8" />
  <meta name='ocr-system' content='tesseract 3.04.00' />
  <meta name='ocr-capabilities' content='ocr_page ocr_carea ocr_par ocr_line ocrx_word'/>
</head>
<body>
  <div class='ocr_page' id='page_1' title='image "./materialsforhis00herbgoog_0200.png"; bbox 0 0 3634 5800; ppageno 0'>
   <div class='ocr_carea' id='block_1_1' title="bbox 624 886 2728 972">
    <p class='ocr_par' dir='ltr' id='par_1_1' title="bbox 624 886 2728 972">
     <span class='ocr_line' id='line_1_1' title="bbox 624 886 2728 972; baseline -0.001 -18"><span class='ocrx_word' id='word_1_1' title='bbox 624 902 751 956; x_wconf 64' lang='lat' dir='ltr'><strong>As).</strong></span> <span class='ocrx_word' id='word_1_2' title='bbox 788 887 1009 972; x_wconf 73' lang='grc'>1169]</span> <span class='ocrx_word' id='word_1_3' title='bbox 1492 899 1852 951; x_wconf 70' lang='lat' dir='ltr'><strong>srrsronAE.</strong></span> <span class='ocrx_word' id='word_1_4' title='bbox 2602 886 2728 956; x_wconf 82' lang='lat'><strong>175</strong></span> 
     </span>
    </p>
   </div>
   <div class='ocr_carea' id='block_1_2' title="bbox 624 1088 3062 4436">
    <p class='ocr_par' dir='ltr' id='par_1_2' title="bbox 624 1088 2736 1586">
     <span class='ocr_line' id='line_1_2' title="bbox 624 1088 2736 1168; baseline -0 -11"><span class='ocrx_word' id='word_1_5' title='bbox 624 1091 898 1168; x_wconf 88' lang='lat' dir='ltr'><strong>eederet,</strong></span> <span class='ocrx_word' id='word_1_6' title='bbox 945 1089 1388 1156; x_wconf 87' lang='lat' dir='ltr'><strong>restituendas</strong></span> <span class='ocrx_word' id='word_1_7' title='bbox 1430 1095 1811 1155; x_wconf 74' lang='lat' dir='ltr'><strong>assererent.</strong></span> <span class='ocrx_word' id='word_1_8' title='bbox 1909 1088 2055 1156; x_wconf 91' lang='lat' dir='ltr'><strong>Hoc</strong></span> <span class='ocrx_word' id='word_1_9' title='bbox 2099 1088 2275 1155; x_wconf 89' lang='lat' dir='ltr'><strong>enim</strong></span> <span class='ocrx_word' id='word_1_10' title='bbox 2323 1111 2394 1156; x_wconf 89' lang='lat' dir='ltr'><strong>se</strong></span> <span class='ocrx_word' id='word_1_11' title='bbox 2423 1091 2736 1158; x_wconf 87' lang='lat' dir='ltr'><strong>dicebant</strong></span> 
     </span>
     <span class='ocr_line' id='line_1_3' title="bbox 624 1191 2733 1280; baseline 0.001 -22"><span class='ocrx_word' id='word_1_12' title='bbox 624 1193 947 1280; x_wconf 87' lang='lat' dir='ltr'><strong>accepisse</strong></span> <span class='ocrx_word' id='word_1_13' title='bbox 978 1215 1062 1258; x_wconf 85' lang='lat' dir='ltr'><strong>ex</strong></span> <span class='ocrx_word' id='word_1_14' title='bbox 1095 1213 1203 1258; x_wconf 89' lang='lat' dir='ltr'><strong>ore</strong></span> <span class='ocrx_word' id='word_1_15' title='bbox 1235 1191 1395 1278; x_wconf 87' lang='lat' dir='ltr'><strong>ejus.</strong></span> <span class='ocrx_word' id='word_1_16' title='bbox 1491 1191 1631 1257; x_wconf 91' lang='lat' dir='ltr'><strong>Nos</strong></span> <span class='ocrx_word' id='word_1_17' title='bbox 1660 1197 1886 1257; x_wconf 87' lang='lat' dir='ltr'><strong>autem</strong></span> <span class='ocrx_word' id='word_1_18' title='bbox 1919 1191 2260 1278; x_wconf 82' lang='lat' dir='ltr'><strong>exegimus</strong></span> <span class='ocrx_word' id='word_1_19' title='bbox 2306 1194 2733 1260; x_wconf 86' lang='lat' dir='ltr'><strong>medietatem</strong></span> 
     </span>
     <span class='ocr_line' id='line_1_4' title="bbox 624 1293 2730 1381; baseline -0 -21"><span class='ocrx_word' id='word_1_20' title='bbox 624 1293 997 1362; x_wconf 79' lang='lat' dir='ltr'><strong>ablatorum</strong></span> <span class='ocrx_word' id='word_1_21' title='bbox 1051 1295 1137 1360; x_wconf 89' lang='lat' dir='ltr'><strong>ad</strong></span> <span class='ocrx_word' id='word_1_22' title='bbox 1182 1294 1581 1360; x_wconf 85' lang='lat' dir='ltr'><strong>necessarios</strong></span> <span class='ocrx_word' id='word_1_23' title='bbox 1642 1315 1817 1371; x_wconf 79' lang='lat' dir='ltr'><strong>usuS,</strong></span> <span class='ocrx_word' id='word_1_24' title='bbox 1867 1293 2121 1358; x_wconf 89' lang='lat' dir='ltr'><strong>domini</strong></span> <span class='ocrx_word' id='word_1_25' title='bbox 2191 1316 2380 1381; x_wconf 84' lang='lat' dir='ltr'><strong>papae</strong></span> <span class='ocrx_word' id='word_1_26' title='bbox 2429 1296 2536 1360; x_wconf 87' lang='lat' dir='ltr'><strong>vel</strong></span> <span class='ocrx_word' id='word_1_27' title='bbox 2581 1297 2730 1361; x_wconf 87' lang='lat' dir='ltr'><strong>reli-</strong></span> 
     </span>
     <span class='ocr_line' id='line_1_5' title="bbox 624 1396 2735 1486; baseline 0.002 -26"><span class='ocrx_word' id='word_1_28' title='bbox 624 1399 955 1484; x_wconf 84' lang='lat' dir='ltr'><strong>giosorum</strong></span> <span class='ocrx_word' id='word_1_29' title='bbox 987 1397 1260 1463; x_wconf 88' lang='lat' dir='ltr'><strong>consilio</strong></span> <span class='ocrx_word' id='word_1_30' title='bbox 1290 1396 1372 1460; x_wconf 91' lang='lat' dir='ltr'><strong>de</strong></span> <span class='ocrx_word' id='word_1_31' title='bbox 1405 1397 1668 1461; x_wconf 87' lang='lat' dir='ltr'><strong>residuo</strong></span> <span class='ocrx_word' id='word_1_32' title='bbox 1716 1397 2034 1482; x_wconf 88' lang='lat' dir='ltr'><strong>parituri;</strong></span> <span class='ocrx_word' id='word_1_33' title='bbox 2081 1397 2239 1483; x_wconf 87' lang='lat' dir='ltr'><strong>quia</strong></span> <span class='ocrx_word' id='word_1_34' title='bbox 2283 1419 2482 1486; x_wconf 89' lang='lat' dir='ltr'><strong>super</strong></span> <span class='ocrx_word' id='word_1_35' title='bbox 2513 1401 2735 1464; x_wconf 88' lang='lat' dir='ltr'><strong>omnia</strong></span> 
     </span>
     <span class='ocr_line' id='line_1_6' title="bbox 625 1499 2734 1586; baseline 0 -21"><span class='ocrx_word' id='word_1_36' title='bbox 625 1500 981 1586; x_wconf 86' lang='lat' dir='ltr'><strong>perniciem</strong></span> <span class='ocrx_word' id='word_1_37' title='bbox 1030 1520 1338 1565; x_wconf 86' lang='lat' dir='ltr'><strong>veremur</strong></span> <span class='ocrx_word' id='word_1_38' title='bbox 1382 1499 1689 1586; x_wconf 85' lang='lat' dir='ltr'><strong>exempli,</strong></span> <span class='ocrx_word' id='word_1_39' title='bbox 1738 1503 1807 1563; x_wconf 85' lang='lat' dir='ltr'><strong>et</strong></span> <span class='ocrx_word' id='word_1_40' title='bbox 1855 1499 2058 1563; x_wconf 88' lang='lat' dir='ltr'><strong>saluti</strong></span> <span class='ocrx_word' id='word_1_41' title='bbox 2109 1505 2355 1565; x_wconf 82' lang='lat' dir='ltr'><strong>nostrae</strong></span> <span class='ocrx_word' id='word_1_42' title='bbox 2403 1502 2734 1580; x_wconf 81' lang='lat' dir='ltr'><strong>timemuS,</strong></span> 
     </span>
    </p>

    <p class='ocr_par' dir='ltr' id='par_1_3' title="bbox 628 1600 2734 1781">
     <span class='ocr_line' id='line_1_7' title="bbox 628 1600 2733 1689; baseline 0 -23"><span class='ocrx_word' id='word_1_43' title='bbox 628 1601 879 1687; x_wconf 86' lang='lat' dir='ltr'><strong>pariter</strong></span> <span class='ocrx_word' id='word_1_44' title='bbox 923 1605 993 1666; x_wconf 92' lang='lat' dir='ltr'><strong>et</strong></span> <span class='ocrx_word' id='word_1_45' title='bbox 1037 1600 1260 1680; x_wconf 87' lang='lat' dir='ltr'><strong>illius;</strong></span> <span class='ocrx_word' id='word_1_46' title='bbox 1306 1605 1551 1666; x_wconf 85' lang='lat' dir='ltr'><strong>nostrae</strong></span> <span class='ocrx_word' id='word_1_47' title='bbox 1583 1600 1869 1686; x_wconf 89' lang='lat' dir='ltr'><strong>quidem,</strong></span> <span class='ocrx_word' id='word_1_48' title='bbox 1903 1600 1960 1666; x_wconf 90' lang='lat' dir='ltr'><strong>si</strong></span> <span class='ocrx_word' id='word_1_49' title='bbox 2005 1606 2270 1666; x_wconf 87' lang='lat' dir='ltr'><strong>tantum</strong></span> <span class='ocrx_word' id='word_1_50' title='bbox 2317 1602 2733 1689; x_wconf 87' lang='lat' dir='ltr'><strong>sacrilegium</strong></span> 
     </span>
     <span class='ocr_line' id='line_1_8' title="bbox 628 1702 2734 1781; baseline 0.001 -14"><span class='ocrx_word' id='word_1_51' title='bbox 628 1702 1153 1767; x_wconf 77' lang='lat' dir='ltr'><strong>dissimulatione</strong></span> <span class='ocrx_word' id='word_1_52' title='bbox 1220 1703 1602 1780; x_wconf 84' lang='lat' dir='ltr'><strong>foverimus,</strong></span> <span class='ocrx_word' id='word_1_53' title='bbox 1665 1702 1845 1766; x_wconf 88' lang='lat' dir='ltr'><strong>illius</strong></span> <span class='ocrx_word' id='word_1_54' title='bbox 1892 1724 2065 1781; x_wconf 88' lang='lat' dir='ltr'><strong>vero,</strong></span> <span class='ocrx_word' id='word_1_55' title='bbox 2113 1705 2170 1766; x_wconf 89' lang='lat' dir='ltr'><strong>si</strong></span> <span class='ocrx_word' id='word_1_56' title='bbox 2229 1725 2364 1768; x_wconf 91' lang='lat' dir='ltr'><strong>non</strong></span> <span class='ocrx_word' id='word_1_57' title='bbox 2419 1704 2734 1770; x_wconf 87' lang='lat' dir='ltr'><strong>restituat</strong></span> 
     </span>
    </p>

    <p class='ocr_par' dir='ltr' id='par_1_4' title="bbox 626 1802 2731 1892">
     <span class='ocr_line' id='line_1_9' title="bbox 626 1802 2731 1892; baseline 0.001 -24"><span class='ocrx_word' id='word_1_58' title='bbox 626 1825 775 1869; x_wconf 89' lang='lat' dir='ltr'><strong>cum</strong></span> <span class='ocrx_word' id='word_1_59' title='bbox 836 1804 1151 1870; x_wconf 87' lang='lat' dir='ltr'><strong>solvendo</strong></span> <span class='ocrx_word' id='word_1_60' title='bbox 1175 1802 1199 1841; x_wconf 84' lang='lat'>¹</span> <span class='ocrx_word' id='word_1_61' title='bbox 1261 1805 1367 1880; x_wconf 88' lang='lat' dir='ltr'><strong>sit,</strong></span> <span class='ocrx_word' id='word_1_62' title='bbox 1414 1808 1535 1870; x_wconf 89' lang='lat' dir='ltr'><strong>aut</strong></span> <span class='ocrx_word' id='word_1_63' title='bbox 1581 1803 1950 1869; x_wconf 87' lang='lat' dir='ltr'><strong>satisfaciat</strong></span> <span class='ocrx_word' id='word_1_64' title='bbox 2002 1805 2084 1869; x_wconf 89' lang='lat' dir='ltr'><strong>de</strong></span> <span class='ocrx_word' id='word_1_65' title='bbox 2130 1805 2416 1886; x_wconf 83' lang='lat' dir='ltr'><strong>ablatis;</strong></span> <span class='ocrx_word' id='word_1_66' title='bbox 2457 1808 2614 1892; x_wconf 88' lang='lat' dir='ltr'><strong>quia</strong></span> <span class='ocrx_word' id='word_1_67' title='bbox 2660 1809 2731 1870; x_wconf 91' lang='lat' dir='ltr'><strong>in</strong></span> 
     </span>
    </p>

    <p class='ocr_par' dir='ltr' id='par_1_5' title="bbox 627 1906 2736 2298">
     <span class='ocr_line' id='line_1_10' title="bbox 628 1906 2735 1993; baseline 0.001 -20"><span class='ocrx_word' id='word_1_68' title='bbox 628 1907 750 1973; x_wconf 88' lang='lat' dir='ltr'><strong>tali</strong></span> <span class='ocrx_word' id='word_1_69' title='bbox 796 1927 948 1972; x_wconf 75' lang='lat' dir='ltr'><strong>casu</strong></span> <span class='ocrx_word' id='word_1_70' title='bbox 994 1911 1256 1972; x_wconf 87' lang='lat' dir='ltr'><strong>constat</strong></span> <span class='ocrx_word' id='word_1_71' title='bbox 1301 1927 1565 1993; x_wconf 86' lang='lat' dir='ltr'><strong>prorsus</strong></span> <span class='ocrx_word' id='word_1_72' title='bbox 1612 1927 1745 1969; x_wconf 89' lang='lat' dir='ltr'><strong>non</strong></span> <span class='ocrx_word' id='word_1_73' title='bbox 1793 1906 2046 1971; x_wconf 85' lang='lat' dir='ltr'><strong>dimitti</strong></span> <span class='ocrx_word' id='word_1_74' title='bbox 2109 1913 2450 1992; x_wconf 85' lang='lat' dir='ltr'><strong>peecatum</strong></span> <span class='ocrx_word' id='word_1_75' title='bbox 2496 1911 2553 1972; x_wconf 85' lang='lat' dir='ltr'><strong>si</strong></span> <span class='ocrx_word' id='word_1_76' title='bbox 2600 1931 2735 1975; x_wconf 90' lang='lat' dir='ltr'><strong>non</strong></span> 
     </span>
     <span class='ocr_line' id='line_1_11' title="bbox 627 2006 2734 2097; baseline 0.001 -24"><span class='ocrx_word' id='word_1_77' title='bbox 627 2009 1021 2073; x_wconf 67' lang='lat' dir='ltr'><strong>restituatur</strong></span> <span class='ocrx_word' id='word_1_78' title='bbox 1045 2007 1359 2072; x_wconf 87' lang='lat' dir='ltr'><strong>ablatum.</strong></span> <span class='ocrx_word' id='word_1_79' title='bbox 1456 2006 1631 2073; x_wconf 88' lang='lat' dir='ltr'><strong>Sunt</strong></span> <span class='ocrx_word' id='word_1_80' title='bbox 1659 2013 1887 2073; x_wconf 87' lang='lat' dir='ltr'><strong>autem</strong></span> <span class='ocrx_word' id='word_1_81' title='bbox 1919 2008 2122 2073; x_wconf 85' lang='lat' dir='ltr'><strong>variae</strong></span> <span class='ocrx_word' id='word_1_82' title='bbox 2153 2009 2400 2094; x_wconf 89' lang='lat' dir='ltr'><strong>species</strong></span> <span class='ocrx_word' id='word_1_83' title='bbox 2431 2031 2734 2097; x_wconf 89' lang='lat' dir='ltr'><strong>compen-</strong></span> 
     </span>
     <span class='ocr_line' id='line_1_12' title="bbox 628 2108 2733 2198; baseline 0.002 -24"><span class='ocrx_word' id='word_1_84' title='bbox 628 2109 978 2187; x_wconf 79' lang='lat' dir='ltr'><strong>sationum,</strong></span> <span class='ocrx_word' id='word_1_85' title='bbox 1024 2131 1189 2195; x_wconf 89' lang='lat' dir='ltr'><strong>quas</strong></span> <span class='ocrx_word' id='word_1_86' title='bbox 1234 2114 1303 2173; x_wconf 91' lang='lat' dir='ltr'><strong>et</strong></span> <span class='ocrx_word' id='word_1_87' title='bbox 1348 2108 1462 2172; x_wconf 91' lang='lat' dir='ltr'><strong>ille</strong></span> <span class='ocrx_word' id='word_1_88' title='bbox 1508 2109 1785 2194; x_wconf 88' lang='lat' dir='ltr'><strong>implere</strong></span> <span class='ocrx_word' id='word_1_89' title='bbox 1849 2108 2093 2175; x_wconf 87' lang='lat' dir='ltr'><strong>sufficit</strong></span> <span class='ocrx_word' id='word_1_90' title='bbox 2155 2111 2298 2176; x_wconf 88' lang='lat' dir='ltr'><strong>sine</strong></span> <span class='ocrx_word' id='word_1_91' title='bbox 2345 2133 2584 2198; x_wconf 89' lang='lat' dir='ltr'><strong>magno</strong></span> <span class='ocrx_word' id='word_1_92' title='bbox 2629 2116 2733 2179; x_wconf 84' lang='lat' dir='ltr'><strong>sui</strong></span> 
     </span>
     <span class='ocr_line' id='line_1_13' title="bbox 628 2210 2736 2298; baseline 0.002 -22"><span class='ocrx_word' id='word_1_93' title='bbox 628 2211 989 2298; x_wconf 85' lang='lat' dir='ltr'><strong>dispendio,</strong></span> <span class='ocrx_word' id='word_1_94' title='bbox 1034 2216 1103 2275; x_wconf 91' lang='lat' dir='ltr'><strong>et</strong></span> <span class='ocrx_word' id='word_1_95' title='bbox 1148 2231 1267 2276; x_wconf 88' lang='lat' dir='ltr'><strong>nos</strong></span> <span class='ocrx_word' id='word_1_96' title='bbox 1314 2210 1532 2296; x_wconf 86' lang='lat' dir='ltr'><strong>parati</strong></span> <span class='ocrx_word' id='word_1_97' title='bbox 1578 2211 1884 2296; x_wconf 87' lang='lat' dir='ltr'><strong>recipere.</strong></span> <span class='ocrx_word' id='word_1_98' title='bbox 1976 2211 2154 2276; x_wconf 90' lang='lat' dir='ltr'><strong>Nam</strong></span> <span class='ocrx_word' id='word_1_99' title='bbox 2209 2219 2286 2278; x_wconf 86' lang='lat' dir='ltr'><strong>ut</strong></span> <span class='ocrx_word' id='word_1_100' title='bbox 2331 2217 2392 2278; x_wconf 90' lang='lat' dir='ltr'><strong>ei</strong></span> <span class='ocrx_word' id='word_1_101' title='bbox 2440 2216 2736 2281; x_wconf 85' lang='lat' dir='ltr'><strong>remitta-</strong></span> 
     </span>
    </p>

    <p class='ocr_par' dir='ltr' id='par_1_6' title="bbox 629 2311 2737 2399">
     <span class='ocr_line' id='line_1_14' title="bbox 629 2311 2737 2399; baseline 0.003 -23"><span class='ocrx_word' id='word_1_102' title='bbox 629 2333 792 2390; x_wconf 90' lang='lat' dir='ltr'><strong>mus,</strong></span> <span class='ocrx_word' id='word_1_103' title='bbox 828 2312 1279 2399; x_wconf 84' lang='lat' dir='ltr'><strong>impoenitenti</strong></span> <span class='ocrx_word' id='word_1_104' title='bbox 1332 2311 1716 2396; x_wconf 71' lang='lat' dir='ltr'><strong>praesertim,</strong></span> <span class='ocrx_word' id='word_1_105' title='bbox 1754 2312 1931 2396; x_wconf 91' lang='lat' dir='ltr'><strong>quod</strong></span> <span class='ocrx_word' id='word_1_106' title='bbox 1962 2314 2248 2378; x_wconf 85' lang='lat' dir='ltr'><strong>ecelesiae</strong></span> <span class='ocrx_word' id='word_1_107' title='bbox 2280 2314 2407 2380; x_wconf 92' lang='lat' dir='ltr'><strong>Dei</strong></span> <span class='ocrx_word' id='word_1_108' title='bbox 2439 2316 2737 2394; x_wconf 87' lang='lat' dir='ltr'><strong>abstulit,</strong></span> 
     </span>
    </p>

    <p class='ocr_par' dir='ltr' id='par_1_7' title="bbox 628 2412 3062 3625">
     <span class='ocr_line' id='line_1_15' title="bbox 631 2412 2734 2502; baseline 0.002 -24"><span class='ocrx_word' id='word_1_109' title='bbox 631 2413 883 2480; x_wconf 85' lang='lat' dir='ltr'><strong>Divina</strong></span> <span class='ocrx_word' id='word_1_110' title='bbox 926 2434 1048 2478; x_wconf 89' lang='lat' dir='ltr'><strong>nos</strong></span> <span class='ocrx_word' id='word_1_111' title='bbox 1094 2417 1476 2498; x_wconf 85' lang='lat' dir='ltr'><strong>protegente</strong></span> <span class='ocrx_word' id='word_1_112' title='bbox 1507 2412 1875 2490; x_wconf 73' lang='lat' dir='ltr'><strong>clementia,</strong></span> <span class='ocrx_word' id='word_1_113' title='bbox 1905 2414 2108 2478; x_wconf 91' lang='lat' dir='ltr'><strong>nullis</strong></span> <span class='ocrx_word' id='word_1_114' title='bbox 2149 2437 2444 2502; x_wconf 87' lang='lat' dir='ltr'><strong>unquam</strong></span> <span class='ocrx_word' id='word_1_115' title='bbox 2489 2419 2734 2484; x_wconf 87' lang='lat' dir='ltr'><strong>machi-</strong></span> 
     </span>
     <span class='ocr_line' id='line_1_16' title="bbox 628 2513 2736 2607; baseline 0.003 -27"><span class='ocrx_word' id='word_1_116' title='bbox 628 2515 1015 2581; x_wconf 87' lang='lat' dir='ltr'><strong>nationibus</strong></span> <span class='ocrx_word' id='word_1_117' title='bbox 1061 2514 1405 2581; x_wconf 86' lang='lat' dir='ltr'><strong>obtinebit.</strong></span> <span class='ocrx_word' id='word_1_118' title='bbox 1498 2513 1572 2580; x_wconf 86' lang='lat' dir='ltr'><strong>Si</strong></span> <span class='ocrx_word' id='word_1_119' title='bbox 1604 2521 1828 2580; x_wconf 88' lang='lat' dir='ltr'><strong>tamen</strong></span> <span class='ocrx_word' id='word_1_120' title='bbox 1873 2517 2280 2601; x_wconf 88' lang='lat' dir='ltr'><strong>poenituerit,</strong></span> <span class='ocrx_word' id='word_1_121' title='bbox 2313 2524 2383 2584; x_wconf 88' lang='lat' dir='ltr'><strong>et</strong></span> <span class='ocrx_word' id='word_1_122' title='bbox 2423 2521 2503 2585; x_wconf 91' lang='lat' dir='ltr'><strong>de</strong></span> <span class='ocrx_word' id='word_1_123' title='bbox 2549 2527 2736 2607; x_wconf 85' lang='lat' dir='ltr'><strong>parte</strong></span> 
     </span>
     <span class='ocr_line' id='line_1_17' title="bbox 631 2615 2737 2708; baseline 0.003 -27"><span class='ocrx_word' id='word_1_124' title='bbox 631 2617 1041 2693; x_wconf 79' lang='lat' dir='ltr'><strong>satisfecerit,</strong></span> <span class='ocrx_word' id='word_1_125' title='bbox 1088 2637 1207 2680; x_wconf 88' lang='lat' dir='ltr'><strong>nos</strong></span> <span class='ocrx_word' id='word_1_126' title='bbox 1269 2637 1421 2680; x_wconf 91' lang='lat' dir='ltr'><strong>eum</strong></span> <span class='ocrx_word' id='word_1_127' title='bbox 1484 2617 1565 2680; x_wconf 91' lang='lat' dir='ltr'><strong>de</strong></span> <span class='ocrx_word' id='word_1_128' title='bbox 1626 2615 1900 2702; x_wconf 87' lang='lat' dir='ltr'><strong>reliquo,</strong></span> <span class='ocrx_word' id='word_1_129' title='bbox 1945 2639 2065 2704; x_wconf 86' lang='lat' dir='ltr'><strong>pro</strong></span> <span class='ocrx_word' id='word_1_130' title='bbox 2127 2618 2476 2686; x_wconf 87' lang='lat' dir='ltr'><strong>devotione</strong></span> <span class='ocrx_word' id='word_1_131' title='bbox 2538 2643 2737 2708; x_wconf 90' lang='lat' dir='ltr'><strong>quam</strong></span> 
     </span>
     <span class='ocr_line' id='line_1_18' title="bbox 632 2716 2736 2803; baseline 0.002 -19"><span class='ocrx_word' id='word_1_132' title='bbox 632 2717 975 2784; x_wconf 80' lang='lat' dir='ltr'><strong>exhibebit</strong></span> <span class='ocrx_word' id='word_1_133' title='bbox 1038 2716 1339 2793; x_wconf 61' lang='lat' dir='ltr'><strong>ecelesiae,</strong></span> <span class='ocrx_word' id='word_1_134' title='bbox 1388 2721 1457 2781; x_wconf 87' lang='lat' dir='ltr'><strong>et</strong></span> <span class='ocrx_word' id='word_1_135' title='bbox 1509 2718 1783 2782; x_wconf 84' lang='lat' dir='ltr'><strong>caritate</strong></span> <span class='ocrx_word' id='word_1_136' title='bbox 1847 2740 2044 2803; x_wconf 85' lang='lat' dir='ltr'><strong>quam</strong></span> <span class='ocrx_word' id='word_1_137' title='bbox 2107 2721 2193 2784; x_wconf 86' lang='lat' dir='ltr'><strong>ad</strong></span> <span class='ocrx_word' id='word_1_138' title='bbox 2262 2743 2382 2786; x_wconf 87' lang='lat' dir='ltr'><strong>nos</strong></span> <span class='ocrx_word' id='word_1_139' title='bbox 2449 2722 2736 2803; x_wconf 89' lang='lat' dir='ltr'><strong>habebit,</strong></span> 
     </span>
     <span class='ocr_line' id='line_1_19' title="bbox 631 2818 3062 2908; baseline 0.003 -23"><span class='ocrx_word' id='word_1_140' title='bbox 631 2819 1167 2907; x_wconf 76' lang='lat' dir='ltr'><strong>supportabimus</strong></span> <span class='ocrx_word' id='word_1_141' title='bbox 1228 2819 1299 2882; x_wconf 90' lang='lat' dir='ltr'><strong>in</strong></span> <span class='ocrx_word' id='word_1_142' title='bbox 1346 2818 1524 2882; x_wconf 90' lang='lat' dir='ltr'><strong>omni</strong></span> <span class='ocrx_word' id='word_1_143' title='bbox 1588 2819 1959 2905; x_wconf 84' lang='lat' dir='ltr'><strong>patientia;</strong></span> <span class='ocrx_word' id='word_1_144' title='bbox 2021 2822 2182 2908; x_wconf 87' lang='lat' dir='ltr'><strong>quia</strong></span> <span class='ocrx_word' id='word_1_145' title='bbox 2225 2829 2366 2888; x_wconf 85' lang='lat' dir='ltr'><strong>tam</strong></span> <span class='ocrx_word' id='word_1_146' title='bbox 2421 2826 2736 2893; x_wconf 70' lang='lat' dir='ltr'><strong>Romanae</strong></span> <span class='ocrx_word' id='word_1_147' title='bbox 2763 2850 3062 2901; x_wconf 69' lang='lat' dir='ltr'><strong>Usefulness</strong></span> 
     </span>
     <span class='ocr_line' id='line_1_20' title="bbox 632 2918 3059 3034; baseline 0.003 -45"><span class='ocrx_word' id='word_1_148' title='bbox 632 2945 833 3009; x_wconf 89' lang='lat' dir='ltr'><strong>quam</strong></span> <span class='ocrx_word' id='word_1_149' title='bbox 893 2921 1281 3007; x_wconf 85' lang='lat' dir='ltr'><strong>Anglieanae</strong></span> <span class='ocrx_word' id='word_1_150' title='bbox 1343 2920 1627 2986; x_wconf 86' lang='lat' dir='ltr'><strong>ecclesiae</strong></span> <span class='ocrx_word' id='word_1_151' title='bbox 1688 2922 1982 3008; x_wconf 84' lang='lat' dir='ltr'><strong>expedit,</strong></span> <span class='ocrx_word' id='word_1_152' title='bbox 2045 2931 2124 2989; x_wconf 87' lang='lat' dir='ltr'><strong>ut</strong></span> <span class='ocrx_word' id='word_1_153' title='bbox 2183 2926 2439 3013; x_wconf 87' lang='lat' dir='ltr'><strong>aliquid</strong></span> <span class='ocrx_word' id='word_1_154' title='bbox 2491 2929 2735 2997; x_wconf 87' lang='lat' dir='ltr'><strong>habeat</strong></span> <span class='ocrx_word' id='word_1_155' title='bbox 2759 2918 3059 3034; x_wconf 47' lang='lat' dir='ltr'><strong>pgezgriev-</strong></span> 
     </span>
     <span class='ocr_line' id='line_1_21' title="bbox 630 3020 2904 3111; baseline 0.004 -21"><span class='ocrx_word' id='word_1_156' title='bbox 630 3047 829 3111; x_wconf 88' lang='lat' dir='ltr'><strong>penes</strong></span> <span class='ocrx_word' id='word_1_157' title='bbox 874 3046 959 3101; x_wconf 87' lang='lat' dir='ltr'><strong>se,</strong></span> <span class='ocrx_word' id='word_1_158' title='bbox 992 3024 1169 3109; x_wconf 91' lang='lat' dir='ltr'><strong>quod</strong></span> <span class='ocrx_word' id='word_1_159' title='bbox 1216 3024 1275 3087; x_wconf 92' lang='lat' dir='ltr'><strong>ei</strong></span> <span class='ocrx_word' id='word_1_160' title='bbox 1308 3024 1639 3087; x_wconf 83' lang='lat' dir='ltr'><strong>tumultus</strong></span> <span class='ocrx_word' id='word_1_161' title='bbox 1686 3028 1757 3088; x_wconf 90' lang='lat' dir='ltr'><strong>et</strong></span> <span class='ocrx_word' id='word_1_162' title='bbox 1801 3026 2159 3092; x_wconf 84' lang='lat' dir='ltr'><strong>seditiones</strong></span> <span class='ocrx_word' id='word_1_163' title='bbox 2206 3029 2508 3095; x_wconf 79' lang='lat' dir='ltr'><strong>molienti</strong></span> <span class='ocrx_word' id='word_1_164' title='bbox 2555 3038 2733 3098; x_wconf 89' lang='lat' dir='ltr'><strong>recte</strong></span> <span class='ocrx_word' id='word_1_165' title='bbox 2891 3020 2904 3034; x_wconf 62' lang='lat'><em>⁶</em></span> 
     </span>
     <span class='ocr_line' id='line_1_22' title="bbox 629 3124 2732 3219; baseline 0.003 -27"><span class='ocrx_word' id='word_1_166' title='bbox 629 3127 839 3214; x_wconf 84' lang='lat' dir='ltr'><strong>possit</strong></span> <span class='ocrx_word' id='word_1_167' title='bbox 884 3125 1140 3211; x_wconf 87' lang='lat' dir='ltr'><strong>opponi.</strong></span> <span class='ocrx_word' id='word_1_168' title='bbox 1234 3124 1551 3210; x_wconf 89' lang='lat' dir='ltr'><strong>Alioquin</strong></span> <span class='ocrx_word' id='word_1_169' title='bbox 1584 3126 1883 3211; x_wconf 88' lang='lat' dir='ltr'><strong>quisquis</strong></span> <span class='ocrx_word' id='word_1_170' title='bbox 1929 3148 2080 3191; x_wconf 90' lang='lat' dir='ltr'><strong>eum</strong></span> <span class='ocrx_word' id='word_1_171' title='bbox 2113 3151 2378 3214; x_wconf 88' lang='lat' dir='ltr'><strong>prorsus</strong></span> <span class='ocrx_word' id='word_1_172' title='bbox 2408 3135 2732 3219; x_wconf 83' lang='lat' dir='ltr'><strong>expediet,</strong></span> 
     </span>
     <span class='ocr_line' id='line_1_23' title="bbox 632 3226 2732 3319; baseline 0.005 -27"><span class='ocrx_word' id='word_1_173' title='bbox 632 3228 1117 3293; x_wconf 83' lang='lat' dir='ltr'><strong>immanitatem</strong></span> <span class='ocrx_word' id='word_1_174' title='bbox 1178 3227 1237 3312; x_wconf 89' lang='lat' dir='ltr'><strong>ej</strong></span> <span class='ocrx_word' id='word_1_175' title='bbox 1249 3248 1321 3289; x_wconf 91' lang='lat' dir='ltr'><strong>us</strong></span> <span class='ocrx_word' id='word_1_176' title='bbox 1382 3226 1672 3291; x_wconf 88' lang='lat' dir='ltr'><strong>armabit</strong></span> <span class='ocrx_word' id='word_1_177' title='bbox 1732 3228 1820 3291; x_wconf 85' lang='lat' dir='ltr'><strong>ad</strong></span> <span class='ocrx_word' id='word_1_178' title='bbox 1881 3228 2219 3295; x_wconf 88' lang='lat' dir='ltr'><strong>eeclesiam</strong></span> <span class='ocrx_word' id='word_1_179' title='bbox 2276 3232 2732 3319; x_wconf 84' lang='lat' dir='ltr'><strong>jugulandam.</strong></span> 
     </span>
     <span class='ocr_line' id='line_1_24' title="bbox 633 3327 3014 3421; baseline 0.006 -28"><span class='ocrx_word' id='word_1_180' title='bbox 633 3328 833 3395; x_wconf 88' lang='lat' dir='ltr'><strong>Nunc</strong></span> <span class='ocrx_word' id='word_1_181' title='bbox 874 3334 1099 3393; x_wconf 87' lang='lat' dir='ltr'><strong>autem</strong></span> <span class='ocrx_word' id='word_1_182' title='bbox 1146 3329 1216 3391; x_wconf 90' lang='lat' dir='ltr'><strong>in</strong></span> <span class='ocrx_word' id='word_1_183' title='bbox 1262 3348 1339 3391; x_wconf 92' lang='lat' dir='ltr'><strong>eo</strong></span> <span class='ocrx_word' id='word_1_184' title='bbox 1383 3327 1630 3393; x_wconf 88' lang='lat' dir='ltr'><strong>calculo</strong></span> <span class='ocrx_word' id='word_1_185' title='bbox 1678 3329 2080 3395; x_wconf 86' lang='lat' dir='ltr'><strong>constitutus</strong></span> <span class='ocrx_word' id='word_1_186' title='bbox 2124 3337 2242 3409; x_wconf 88' lang='lat' dir='ltr'><strong>est,</strong></span> <span class='ocrx_word' id='word_1_187' title='bbox 2275 3341 2342 3399; x_wconf 92' lang='lat' dir='ltr'><strong>et</strong></span> <span class='ocrx_word' id='word_1_188' title='bbox 2388 3336 2734 3403; x_wconf 85' lang='lat' dir='ltr'><strong>imminen-</strong></span> <span class='ocrx_word' id='word_1_189' title='bbox 2760 3356 2867 3406; x_wconf 83' lang='lat' dir='ltr'><strong>The</strong></span> <span class='ocrx_word' id='word_1_190' title='bbox 2890 3356 3014 3421; x_wconf 78' lang='lat' dir='ltr'><strong>king</strong></span> 
     </span>
     <span class='ocr_line' id='line_1_25' title="bbox 634 3430 2968 3526; baseline 0.004 -31"><span class='ocrx_word' id='word_1_191' title='bbox 634 3437 771 3495; x_wconf 85' lang='lat' dir='ltr'><strong>tem</strong></span> <span class='ocrx_word' id='word_1_192' title='bbox 816 3430 943 3494; x_wconf 91' lang='lat' dir='ltr'><strong>sibi</strong></span> <span class='ocrx_word' id='word_1_193' title='bbox 990 3434 1059 3495; x_wconf 84' lang='lat' dir='ltr'><strong>et</strong></span> <span class='ocrx_word' id='word_1_194' title='bbox 1104 3434 1297 3493; x_wconf 85' lang='lat' dir='ltr'><strong>terrae</strong></span> <span class='ocrx_word' id='word_1_195' title='bbox 1349 3450 1486 3494; x_wconf 82' lang='lat' dir='ltr'><strong>suoe</strong></span> <span class='ocrx_word' id='word_1_196' title='bbox 1547 3430 1946 3496; x_wconf 84' lang='lat' dir='ltr'><strong>sententiam</strong></span> <span class='ocrx_word' id='word_1_197' title='bbox 2010 3432 2172 3499; x_wconf 81' lang='lat' dir='ltr'><strong>adeo</strong></span> <span class='ocrx_word' id='word_1_198' title='bbox 2216 3436 2429 3514; x_wconf 86' lang='lat' dir='ltr'><strong>timet,</strong></span> <span class='ocrx_word' id='word_1_199' title='bbox 2475 3460 2559 3503; x_wconf 85' lang='lat' dir='ltr'><strong>ex</strong></span> <span class='ocrx_word' id='word_1_200' title='bbox 2605 3462 2736 3526; x_wconf 92' lang='lat' dir='ltr'><strong>quo</strong></span> <span class='ocrx_word' id='word_1_201' title='bbox 2761 3439 2968 3491; x_wconf 76' lang='lat' dir='ltr'><strong>uneasy.</strong></span> 
     </span>
     <span class='ocr_line' id='line_1_26' title="bbox 634 3530 2739 3625; baseline 0.005 -29"><span class='ocrx_word' id='word_1_202' title='bbox 634 3532 977 3597; x_wconf 90' lang='lat' dir='ltr'><strong>dominum</strong></span> <span class='ocrx_word' id='word_1_203' title='bbox 1031 3530 1495 3608; x_wconf 85' lang='lat' dir='ltr'><strong>Senonensem,</strong></span> <span class='ocrx_word' id='word_1_204' title='bbox 1538 3538 1608 3597; x_wconf 89' lang='lat' dir='ltr'><strong>et</strong></span> <span class='ocrx_word' id='word_1_205' title='bbox 1630 3530 1656 3570; x_wconf 77' lang='lat'><strong>²</strong></span> <span class='ocrx_word' id='word_1_206' title='bbox 1687 3532 2081 3603; x_wconf 78' lang='lat' dir='ltr'><strong>Gratianum</strong></span> <span class='ocrx_word' id='word_1_207' title='bbox 2134 3536 2322 3601; x_wconf 93' lang='lat' dir='ltr'><strong>illum</strong></span> <span class='ocrx_word' id='word_1_208' title='bbox 2369 3539 2560 3625; x_wconf 85' lang='lat' dir='ltr'><strong>eujus</strong></span> <span class='ocrx_word' id='word_1_209' title='bbox 2605 3564 2739 3607; x_wconf 89' lang='lat' dir='ltr'><strong>me-</strong></span> 
     </span>
    </p>

    <p class='ocr_par' dir='ltr' id='par_1_8' title="bbox 634 3633 2738 3924">
     <span class='ocr_line' id='line_1_27' title="bbox 634 3633 2736 3722; baseline 0.005 -25"><span class='ocrx_word' id='word_1_210' title='bbox 634 3634 843 3699; x_wconf 89' lang='lat' dir='ltr'><strong>moria</strong></span> <span class='ocrx_word' id='word_1_211' title='bbox 892 3635 963 3697; x_wconf 87' lang='lat' dir='ltr'><strong>in</strong></span> <span class='ocrx_word' id='word_1_212' title='bbox 1010 3636 1291 3717; x_wconf 82' lang='lat' dir='ltr'><strong>utroque</strong></span> <span class='ocrx_word' id='word_1_213' title='bbox 1351 3654 1553 3719; x_wconf 90' lang='lat' dir='ltr'><strong>regno</strong></span> <span class='ocrx_word' id='word_1_214' title='bbox 1613 3633 1685 3696; x_wconf 91' lang='lat' dir='ltr'><strong>in</strong></span> <span class='ocrx_word' id='word_1_215' title='bbox 1731 3634 1944 3719; x_wconf 90' lang='lat' dir='ltr'><strong>gloria</strong></span> <span class='ocrx_word' id='word_1_216' title='bbox 1989 3642 2058 3700; x_wconf 86' lang='lat' dir='ltr'><strong>et</strong></span> <span class='ocrx_word' id='word_1_217' title='bbox 2109 3636 2564 3707; x_wconf 87' lang='lat' dir='ltr'><strong>benedictione</strong></span> <span class='ocrx_word' id='word_1_218' title='bbox 2619 3648 2736 3722; x_wconf 86' lang='lat' dir='ltr'><strong>est,</strong></span> 
     </span>
     <span class='ocr_line' id='line_1_28' title="bbox 635 3732 2738 3831; baseline 0.005 -30"><span class='ocrx_word' id='word_1_219' title='bbox 635 3735 947 3822; x_wconf 84' lang='lat' dir='ltr'><strong>cognovit</strong></span> <span class='ocrx_word' id='word_1_220' title='bbox 990 3734 1077 3799; x_wconf 87' lang='lat' dir='ltr'><strong>ad</strong></span> <span class='ocrx_word' id='word_1_221' title='bbox 1138 3732 1387 3799; x_wconf 87' lang='lat' dir='ltr'><strong>curiam</strong></span> <span class='ocrx_word' id='word_1_222' title='bbox 1454 3734 1794 3820; x_wconf 87' lang='lat' dir='ltr'><strong>proficisci,</strong></span> <span class='ocrx_word' id='word_1_223' title='bbox 1841 3742 1922 3801; x_wconf 92' lang='lat' dir='ltr'><strong>ut</strong></span> <span class='ocrx_word' id='word_1_224' title='bbox 1984 3736 2155 3802; x_wconf 89' lang='lat' dir='ltr'><strong>nihil</strong></span> <span class='ocrx_word' id='word_1_225' title='bbox 2219 3740 2484 3808; x_wconf 87' lang='lat' dir='ltr'><strong>domino</strong></span> <span class='ocrx_word' id='word_1_226' title='bbox 2547 3765 2738 3831; x_wconf 73' lang='lat' dir='ltr'><strong>papae</strong></span> 
     </span>
     <span class='ocr_line' id='line_1_29' title="bbox 634 3836 2738 3924; baseline 0.004 -21"><span class='ocrx_word' id='word_1_227' title='bbox 634 3860 873 3924; x_wconf 86' lang='lat' dir='ltr'><strong>negare</strong></span> <span class='ocrx_word' id='word_1_228' title='bbox 904 3836 1162 3913; x_wconf 87' lang='lat' dir='ltr'><strong>audeat,</strong></span> <span class='ocrx_word' id='word_1_229' title='bbox 1196 3836 1519 3922; x_wconf 89' lang='lat' dir='ltr'><strong>quidquid</strong></span> <span class='ocrx_word' id='word_1_230' title='bbox 1566 3837 1834 3902; x_wconf 84' lang='lat' dir='ltr'><strong>simulet</strong></span> <span class='ocrx_word' id='word_1_231' title='bbox 1865 3844 1935 3903; x_wconf 91' lang='lat' dir='ltr'><strong>et</strong></span> <span class='ocrx_word' id='word_1_232' title='bbox 1982 3840 2287 3920; x_wconf 85' lang='lat' dir='ltr'><strong>minetur,</strong></span> <span class='ocrx_word' id='word_1_233' title='bbox 2323 3844 2378 3908; x_wconf 90' lang='lat' dir='ltr'><strong>si</strong></span> <span class='ocrx_word' id='word_1_234' title='bbox 2425 3845 2497 3909; x_wconf 90' lang='lat' dir='ltr'><strong>in</strong></span> <span class='ocrx_word' id='word_1_235' title='bbox 2529 3852 2738 3911; x_wconf 81' lang='lat' dir='ltr'><strong>terras</strong></span> 
     </span>
    </p>

    <p class='ocr_par' dir='ltr' id='par_1_9' title="bbox 635 3938 2740 4130">
     <span class='ocr_line' id='line_1_30' title="bbox 636 3938 2740 4026; baseline 0.004 -21"><span class='ocrx_word' id='word_1_236' title='bbox 636 3941 779 4026; x_wconf 89' lang='lat' dir='ltr'><strong>ejus</strong></span> <span class='ocrx_word' id='word_1_237' title='bbox 824 3938 1204 4005; x_wconf 67' lang='lat' dir='ltr'><strong>cismarinas</strong></span> <span class='ocrx_word' id='word_1_238' title='bbox 1257 3958 1619 4024; x_wconf 83' lang='lat' dir='ltr'><strong>aggravare</strong></span> <span class='ocrx_word' id='word_1_239' title='bbox 1664 3939 2028 4005; x_wconf 86' lang='lat' dir='ltr'><strong>decreverit</strong></span> <span class='ocrx_word' id='word_1_240' title='bbox 2087 3964 2356 4009; x_wconf 88' lang='lat' dir='ltr'><strong>manum</strong></span> <span class='ocrx_word' id='word_1_241' title='bbox 2417 3968 2623 4026; x_wconf 82' lang='lat' dir='ltr'><strong>suam,</strong></span> <span class='ocrx_word' id='word_1_242' title='bbox 2669 3955 2740 4014; x_wconf 90' lang='lat' dir='ltr'><strong>et</strong></span> 
     </span>
     <span class='ocr_line' id='line_1_31' title="bbox 635 4037 2737 4130; baseline 0.004 -23"><span class='ocrx_word' id='word_1_243' title='bbox 635 4042 909 4107; x_wconf 82' lang='lat' dir='ltr'><strong>nuncios</strong></span> <span class='ocrx_word' id='word_1_244' title='bbox 954 4039 1097 4125; x_wconf 88' lang='lat' dir='ltr'><strong>ejus</strong></span> <span class='ocrx_word' id='word_1_245' title='bbox 1127 4037 1437 4105; x_wconf 85' lang='lat' dir='ltr'><strong>confusos</strong></span> <span class='ocrx_word' id='word_1_246' title='bbox 1483 4040 1831 4107; x_wconf 86' lang='lat' dir='ltr'><strong>remiserit.</strong></span> <span class='ocrx_word' id='word_1_247' title='bbox 1929 4043 2071 4109; x_wconf 89' lang='lat' dir='ltr'><strong>Nee</strong></span> <span class='ocrx_word' id='word_1_248' title='bbox 2101 4047 2433 4130; x_wconf 86' lang='lat' dir='ltr'><strong>oportebit</strong></span> <span class='ocrx_word' id='word_1_249' title='bbox 2472 4054 2552 4114; x_wconf 88' lang='lat' dir='ltr'><strong>ut</strong></span> <span class='ocrx_word' id='word_1_250' title='bbox 2591 4071 2737 4115; x_wconf 87' lang='lat' dir='ltr'><strong>sen-</strong></span> 
     </span>
    </p>

    <p class='ocr_par' dir='ltr' id='par_1_10' title="bbox 636 4139 3014 4436">
     <span class='ocr_line' id='line_1_32' title="bbox 636 4139 2738 4227; baseline 0.004 -19"><span class='ocrx_word' id='word_1_251' title='bbox 636 4143 851 4208; x_wconf 88' lang='lat' dir='ltr'><strong>tentia</strong></span> <span class='ocrx_word' id='word_1_252' title='bbox 883 4140 1201 4205; x_wconf 82' lang='lat' dir='ltr'><strong>sortiatur</strong></span> <span class='ocrx_word' id='word_1_253' title='bbox 1230 4139 1558 4217; x_wconf 87' lang='lat' dir='ltr'><strong>effectum,</strong></span> <span class='ocrx_word' id='word_1_254' title='bbox 1591 4141 1751 4227; x_wconf 66' lang='lat' dir='ltr'><strong>quia</strong></span> <span class='ocrx_word' id='word_1_255' title='bbox 1792 4142 1932 4209; x_wconf 87' lang='lat' dir='ltr'><strong>sola</strong></span> <span class='ocrx_word' id='word_1_256' title='bbox 1962 4146 2386 4212; x_wconf 88' lang='lat' dir='ltr'><strong>comminatio</strong></span> <span class='ocrx_word' id='word_1_257' title='bbox 2429 4148 2738 4217; x_wconf 84' lang='lat' dir='ltr'><strong>facillime</strong></span> 
     </span>
     <span class='ocr_line' id='line_1_33' title="bbox 636 4240 3001 4344; baseline 0.005 -37"><span class='ocrx_word' id='word_1_258' title='bbox 636 4242 961 4329; x_wconf 88' lang='lat' dir='ltr'><strong>quidquid</strong></span> <span class='ocrx_word' id='word_1_259' title='bbox 1005 4242 1414 4307; x_wconf 88' lang='lat' dir='ltr'><strong>intentatum</strong></span> <span class='ocrx_word' id='word_1_260' title='bbox 1462 4240 1670 4308; x_wconf 88' lang='lat' dir='ltr'><strong>fuerit</strong></span> <span class='ocrx_word' id='word_1_261' title='bbox 1718 4243 2066 4312; x_wconf 84' lang='lat' dir='ltr'><strong>obtinebit.</strong></span> <span class='ocrx_word' id='word_1_262' title='bbox 2177 4246 2367 4314; x_wconf 88' lang='lat' dir='ltr'><strong>Misit</strong></span> <span class='ocrx_word' id='word_1_263' title='bbox 2411 4272 2624 4338; x_wconf 88' lang='lat' dir='ltr'><strong>nuper</strong></span> <span class='ocrx_word' id='word_1_264' title='bbox 2666 4254 2740 4318; x_wconf 89' lang='lat' dir='ltr'><strong>in</strong></span> <span class='ocrx_word' id='word_1_265' title='bbox 2766 4278 3001 4344; x_wconf 78' lang='lat' dir='ltr'><strong>Attempt</strong></span> 
     </span>
     <span class='ocr_line' id='line_1_34' title="bbox 636 4341 3014 4436; baseline 0.004 -27"><span class='ocrx_word' id='word_1_266' title='bbox 636 4343 950 4431; x_wconf 85' lang='lat' dir='ltr'><strong>Angliam</strong></span> <span class='ocrx_word' id='word_1_267' title='bbox 1036 4341 1431 4407; x_wconf 87' lang='lat' dir='ltr'><strong>Gaufridum</strong></span> <span class='ocrx_word' id='word_1_268' title='bbox 1496 4342 1853 4423; x_wconf 87' lang='lat' dir='ltr'><strong>Ridellum,</strong></span> <span class='ocrx_word' id='word_1_269' title='bbox 1926 4350 2006 4410; x_wconf 85' lang='lat' dir='ltr'><strong>ut</strong></span> <span class='ocrx_word' id='word_1_270' title='bbox 2067 4350 2374 4433; x_wconf 87' lang='lat' dir='ltr'><strong>torqueat</strong></span> <span class='ocrx_word' id='word_1_271' title='bbox 2432 4373 2742 4436; x_wconf 87' lang='lat' dir='ltr'><strong>personas</strong></span> <span class='ocrx_word' id='word_1_272' title='bbox 2765 4352 2818 4395; x_wconf 64' lang='grc' dir='ltr'>ω</span> <span class='ocrx_word' id='word_1_273' title='bbox 2845 4352 3014 4396; x_wconf 58' lang='grc' dir='ltr'><strong>θῑῐῡη</strong></span> 
     </span>
    </p>
   </div>
   <div class='ocr_carea' id='block_1_3' title="bbox 636 4426 3074 4543">
    <p class='ocr_par' dir='ltr' id='par_1_11' title="bbox 636 4426 3074 4543">
     <span class='ocr_line' id='line_1_35' title="bbox 636 4426 3074 4543; baseline 0.005 -32"><span class='ocrx_word' id='word_1_274' title='bbox 636 4444 1118 4520; x_wconf 73' lang='lat' dir='ltr'><strong>ecclesiasticae,</strong></span> <span class='ocrx_word' id='word_1_275' title='bbox 1148 4450 1217 4509; x_wconf 88' lang='lat' dir='ltr'><strong>et</strong></span> <span class='ocrx_word' id='word_1_276' title='bbox 1248 4443 1334 4509; x_wconf 89' lang='lat' dir='ltr'><strong>ad</strong></span> <span class='ocrx_word' id='word_1_277' title='bbox 1379 4443 1848 4511; x_wconf 83' lang='lat' dir='ltr'><strong>inobedientiae</strong></span> <span class='ocrx_word' id='word_1_278' title='bbox 1890 4447 2141 4513; x_wconf 88' lang='lat' dir='ltr'><strong>crimen</strong></span> <span class='ocrx_word' id='word_1_279' title='bbox 2184 4450 2452 4517; x_wconf 84' lang='lat' dir='ltr'><strong>nefariis</strong></span> <span class='ocrx_word' id='word_1_280' title='bbox 2493 4454 2744 4543; x_wconf 84' lang='lat' dir='ltr'><strong>obliget</strong></span> <span class='ocrx_word' id='word_1_281' title='bbox 2765 4426 3074 4529; x_wconf 54' lang='lat' dir='ltr'><strong>ffeffffigg</strong></span> 
     </span>
    </p>
   </div>
   <div class='ocr_carea' id='block_1_4' title="bbox 2762 4543 2974 4675">
    <p class='ocr_par' dir='ltr' id='par_1_12' title="bbox 2762 4543 2974 4675">
     <span class='ocr_line' id='line_1_36' title="bbox 2765 4543 2974 4595; baseline 0.014 -2"><span class='ocrx_word' id='word_1_282' title='bbox 2765 4543 2852 4593; x_wconf 65' lang='grc' dir='ltr'><strong>ὼε</strong></span> <span class='ocrx_word' id='word_1_283' title='bbox 2873 4543 2974 4595; x_wconf 76' lang='lat' dir='ltr'><strong>bis-</strong></span> 
     </span>
     <span class='ocr_line' id='line_1_37' title="bbox 2762 4609 2908 4675; baseline 0 -16"><span class='ocrx_word' id='word_1_284' title='bbox 2762 4609 2908 4675; x_wconf 84' lang='lat' dir='ltr'><strong>hops.</strong></span> 
     </span>
    </p>
   </div>
   <div class='ocr_carea' id='block_1_5' title="bbox 636 4702 2138 4847">
    <p class='ocr_par' dir='ltr' id='par_1_13' title="bbox 636 4702 2138 4847">
     <span class='ocr_line' id='line_1_38' title="bbox 702 4702 2138 4768; baseline 0.003 -13"><span class='ocrx_word' id='word_1_285' title='bbox 702 4706 721 4739; x_wconf 83' lang='lat'>¹</span> <span class='ocrx_word' id='word_1_286' title='bbox 755 4704 998 4765; x_wconf 73' lang='lat' dir='ltr'><strong>solvendo,</strong></span> <span class='ocrx_word' id='word_1_287' title='bbox 1034 4708 1103 4765; x_wconf 83' lang='lat' dir='ltr'><strong>A,</strong></span> <span class='ocrx_word' id='word_1_288' title='bbox 1139 4704 1203 4766; x_wconf 88' lang='lat' dir='ltr'><strong>O,</strong></span> <span class='ocrx_word' id='word_1_289' title='bbox 1226 4705 1297 4767; x_wconf 86' lang='lat' dir='ltr'><strong>Z;</strong></span> <span class='ocrx_word' id='word_1_290' title='bbox 1332 4702 1633 4767; x_wconf 77' lang='lat' dir='ltr'><strong>solvendum,</strong></span> <span class='ocrx_word' id='word_1_291' title='bbox 1804 4706 1827 4739; x_wconf 79' lang='lat'><em>2</em></span> <span class='ocrx_word' id='word_1_292' title='bbox 1863 4714 1922 4768; x_wconf 80' lang='lat' dir='ltr'><strong>et,</strong></span> <span class='ocrx_word' id='word_1_293' title='bbox 1949 4723 2048 4758; x_wconf 88' lang='lat' dir='ltr'><strong>om.</strong></span> <span class='ocrx_word' id='word_1_294' title='bbox 2078 4709 2138 4760; x_wconf 93' lang='grc' dir='ltr'><strong>Ο.</strong></span> 
     </span>
     <span class='ocr_line' id='line_1_39' title="bbox 636 4784 1076 4847; baseline -0.005 -10"><span class='ocrx_word' id='word_1_295' title='bbox 636 4787 699 4847; x_wconf 85' lang='lat' dir='ltr'><strong>L,</strong></span> <span class='ocrx_word' id='word_1_296' title='bbox 722 4786 818 4835; x_wconf 84' lang='lat' dir='ltr'><strong>and</strong></span> <span class='ocrx_word' id='word_1_297' title='bbox 844 4784 885 4837; x_wconf 91' lang='lat' dir='ltr'>Z</span> <span class='ocrx_word' id='word_1_298' title='bbox 910 4784 1076 4835; x_wconf 83' lang='lat' dir='ltr'><strong>interl.</strong></span> 
     </span>
    </p>
   </div>
  </div>
 </body>
</html>
