<?xml version="1.0" encoding="UTF-8"?>
<!DOCTYPE html PUBLIC "-//W3C//DTD XHTML 1.0 Transitional//EN"
    "http://www.w3.org/TR/xhtml1/DTD/xhtml1-transitional.dtd">
<html xmlns="http://www.w3.org/1999/xhtml" xml:lang="en" lang="en">
 <head>
  <title>
</title>
<meta http-equiv="Content-Type" content="text/html;charset=utf-8" />
  <meta name='ocr-system' content='tesseract 3.04.00' />
  <meta name='ocr-capabilities' content='ocr_page ocr_carea ocr_par ocr_line ocrx_word'/>
</head>
<body>
  <div class='ocr_page' id='page_1' title='image "./materialsforhis00herbgoog_0321.png"; bbox 0 0 3634 5800; ppageno 0'>
   <div class='ocr_carea' id='block_1_1' title="bbox 32 1137 46 1652">
    <p class='ocr_par' dir='ltr' id='par_1_1' title="bbox 32 1137 46 1652">
     <span class='ocr_line' id='line_1_1' title="bbox 32 1137 46 1652; baseline 0 0"><span class='ocrx_word' id='word_1_1' title='bbox 32 1137 46 1652; x_wconf 95' lang='lat' dir='ltr'><strong> </strong></span> 
     </span>
    </p>
   </div>
   <div class='ocr_carea' id='block_1_2' title="bbox 907 875 3013 972">
    <p class='ocr_par' dir='ltr' id='par_1_2' title="bbox 907 875 3013 972">
     <span class='ocr_line' id='line_1_2' title="bbox 907 875 3013 972; baseline 0.002 -28"><span class='ocrx_word' id='word_1_2' title='bbox 907 875 1037 946; x_wconf 83' lang='grc'><strong>296</strong></span> <span class='ocrx_word' id='word_1_3' title='bbox 1785 897 2147 950; x_wconf 77' lang='lat' dir='ltr'><strong>EPISTOLAE.</strong></span> <span class='ocrx_word' id='word_1_4' title='bbox 2622 883 2783 972; x_wconf 66' lang='lat' dir='ltr'><strong>[Am.</strong></span> <span class='ocrx_word' id='word_1_5' title='bbox 2820 883 3013 956; x_wconf 88' lang='grc'><strong>1170.</strong></span> 
     </span>
    </p>
   </div>
   <div class='ocr_carea' id='block_1_3' title="bbox 562 1087 3013 3419">
    <p class='ocr_par' dir='ltr' id='par_1_3' title="bbox 901 1087 3011 1279">
     <span class='ocr_line' id='line_1_3' title="bbox 901 1087 3011 1178; baseline 0.004 -28"><span class='ocrx_word' id='word_1_6' title='bbox 901 1107 1022 1152; x_wconf 91' lang='lat' dir='ltr'><strong>nec</strong></span> <span class='ocrx_word' id='word_1_7' title='bbox 1083 1087 1323 1151; x_wconf 90' lang='lat' dir='ltr'><strong>durum</strong></span> <span class='ocrx_word' id='word_1_8' title='bbox 1393 1088 1763 1174; x_wconf 86' lang='lat' dir='ltr'><strong>reputando</strong></span> <span class='ocrx_word' id='word_1_9' title='bbox 1831 1110 1953 1155; x_wconf 90' lang='lat' dir='ltr'><strong>nec</strong></span> <span class='ocrx_word' id='word_1_10' title='bbox 2018 1111 2327 1176; x_wconf 87' lang='lat' dir='ltr'><strong>asperum</strong></span> <span class='ocrx_word' id='word_1_11' title='bbox 2392 1091 2567 1176; x_wconf 89' lang='lat' dir='ltr'><strong>quod</strong></span> <span class='ocrx_word' id='word_1_12' title='bbox 2634 1093 3011 1178; x_wconf 74' lang='lat' dir='ltr'><strong>apostolicae</strong></span> 
     </span>
     <span class='ocr_line' id='line_1_4' title="bbox 902 1187 2560 1279; baseline 0.003 -27"><span class='ocrx_word' id='word_1_13' title='bbox 902 1187 1075 1253; x_wconf 87' lang='lat' dir='ltr'><strong>circa</strong></span> <span class='ocrx_word' id='word_1_14' title='bbox 1119 1211 1223 1254; x_wconf 88' lang='lat' dir='ltr'><strong>me</strong></span> <span class='ocrx_word' id='word_1_15' title='bbox 1270 1211 1514 1255; x_wconf 90' lang='lat' dir='ltr'><strong>novero</strong></span> <span class='ocrx_word' id='word_1_16' title='bbox 1560 1190 2057 1256; x_wconf 68' lang='lat' dir='ltr'><strong>mansuetudini</strong></span> <span class='ocrx_word' id='word_1_17' title='bbox 2074 1190 2100 1228; x_wconf 79' lang='lat'>¹</span> <span class='ocrx_word' id='word_1_18' title='bbox 2146 1192 2560 1279; x_wconf 79' lang='lat' dir='ltr'>complacere.</span> 
     </span>
    </p>

    <p class='ocr_par' dir='ltr' id='par_1_4' title="bbox 905 1289 3013 1686">
     <span class='ocr_line' id='line_1_5' title="bbox 997 1289 3013 1382; baseline 0.003 -28"><span class='ocrx_word' id='word_1_19' title='bbox 997 1289 1181 1355; x_wconf 88' lang='lat' dir='ltr'><strong>Sciat</strong></span> <span class='ocrx_word' id='word_1_20' title='bbox 1227 1291 1401 1354; x_wconf 91' lang='lat' dir='ltr'><strong>enim</strong></span> <span class='ocrx_word' id='word_1_21' title='bbox 1448 1290 1753 1356; x_wconf 89' lang='lat' dir='ltr'><strong>dominus</strong></span> <span class='ocrx_word' id='word_1_22' title='bbox 1825 1313 2025 1374; x_wconf 81' lang='lat' dir='ltr'><strong>meuS,</strong></span> <span class='ocrx_word' id='word_1_23' title='bbox 2070 1298 2143 1382; x_wconf 84' lang='lat' dir='ltr'><strong>et</strong></span> <span class='ocrx_word' id='word_1_24' title='bbox 2186 1299 2438 1366; x_wconf 83' lang='lat' dir='ltr'><strong>certum</strong></span> <span class='ocrx_word' id='word_1_25' title='bbox 2486 1299 2729 1373; x_wconf 88' lang='lat' dir='ltr'><strong>teneat,</strong></span> <span class='ocrx_word' id='word_1_26' title='bbox 2799 1318 2904 1360; x_wconf 93' lang='lat' dir='ltr'><strong>me</strong></span> <span class='ocrx_word' id='word_1_27' title='bbox 2970 1317 3013 1360; x_wconf 90' lang='lat' dir='ltr'><strong>a</strong></span> 
     </span>
     <span class='ocr_line' id='line_1_6' title="bbox 907 1393 3012 1482; baseline 0.003 -26"><span class='ocrx_word' id='word_1_28' title='bbox 907 1393 1320 1476; x_wconf 68' lang='lat' dir='ltr'><strong>tempestatis</strong></span> <span class='ocrx_word' id='word_1_29' title='bbox 1396 1393 1596 1480; x_wconf 85' lang='lat' dir='ltr'><strong>hujus</strong></span> <span class='ocrx_word' id='word_1_30' title='bbox 1671 1414 1804 1480; x_wconf 90' lang='lat' dir='ltr'><strong>qua</strong></span> <span class='ocrx_word' id='word_1_31' title='bbox 1869 1393 2129 1479; x_wconf 86' lang='lat' dir='ltr'><strong>jamdiu</strong></span> <span class='ocrx_word' id='word_1_32' title='bbox 2207 1417 2595 1482; x_wconf 78' lang='lat' dir='ltr'><strong>quassamur</strong></span> <span class='ocrx_word' id='word_1_33' title='bbox 2672 1396 2866 1461; x_wconf 88' lang='lat' dir='ltr'><strong>initio</strong></span> <span class='ocrx_word' id='word_1_34' title='bbox 2942 1395 3012 1462; x_wconf 91' lang='lat' dir='ltr'><strong>id</strong></span> 
     </span>
     <span class='ocr_line' id='line_1_7' title="bbox 907 1494 3010 1610; baseline 0.003 -54"><span class='ocrx_word' id='word_1_35' title='bbox 907 1515 1162 1610; x_wconf 83' lang='lat' dir='ltr'><strong>semper</strong></span> <span class='ocrx_word' id='word_1_36' title='bbox 1237 1495 1624 1571; x_wconf 72' lang='lat' dir='ltr'><strong>volunt-atie,</strong></span> <span class='ocrx_word' id='word_1_37' title='bbox 1701 1494 1772 1560; x_wconf 92' lang='lat' dir='ltr'><strong>id</strong></span> <span class='ocrx_word' id='word_1_38' title='bbox 1864 1494 2173 1562; x_wconf 83' lang='lat' dir='ltr'><strong>habuisse</strong></span> <span class='ocrx_word' id='word_1_39' title='bbox 2248 1498 2589 1583; x_wconf 85' lang='lat' dir='ltr'><strong>propositi,</strong></span> <span class='ocrx_word' id='word_1_40' title='bbox 2666 1503 2745 1562; x_wconf 86' lang='lat' dir='ltr'><strong>ut</strong></span> <span class='ocrx_word' id='word_1_41' title='bbox 2820 1497 3010 1563; x_wconf 88' lang='lat' dir='ltr'><strong>vobis</strong></span> 
     </span>
     <span class='ocr_line' id='line_1_8' title="bbox 905 1597 3013 1686; baseline 0.004 -28"><span class='ocrx_word' id='word_1_42' title='bbox 905 1597 1241 1661; x_wconf 82' lang='lat' dir='ltr'><strong>occasione</strong></span> <span class='ocrx_word' id='word_1_43' title='bbox 1287 1619 1698 1682; x_wconf 77' lang='lat' dir='ltr'><strong>quacumque</strong></span> <span class='ocrx_word' id='word_1_44' title='bbox 1743 1599 2133 1678; x_wconf 83' lang='lat' dir='ltr'><strong>assisterem,</strong></span> <span class='ocrx_word' id='word_1_45' title='bbox 2205 1605 2273 1665; x_wconf 91' lang='lat' dir='ltr'><strong>et</strong></span> <span class='ocrx_word' id='word_1_46' title='bbox 2319 1600 2504 1665; x_wconf 88' lang='lat' dir='ltr'><strong>vobis</strong></span> <span class='ocrx_word' id='word_1_47' title='bbox 2550 1623 2768 1666; x_wconf 88' lang='lat' dir='ltr'><strong>coram</strong></span> <span class='ocrx_word' id='word_1_48' title='bbox 2837 1602 3013 1686; x_wconf 87' lang='lat' dir='ltr'><strong>posi·-</strong></span> 
     </span>
    </p>

    <p class='ocr_par' dir='ltr' id='par_1_5' title="bbox 562 1698 3009 3419">
     <span class='ocr_line' id='line_1_9' title="bbox 565 1698 3009 1787; baseline 0.002 -26.015"><span class='ocrx_word' id='word_1_49' title='bbox 565 1701 672 1750; x_wconf 82' lang='lat' dir='ltr'><strong>&#39;lhe</strong></span> <span class='ocrx_word' id='word_1_50' title='bbox 693 1702 858 1753; x_wconf 74' lang='lat' dir='ltr'><strong>writer</strong></span> <span class='ocrx_word' id='word_1_51' title='bbox 902 1702 1012 1762; x_wconf 86' lang='lat' dir='ltr'><strong>tus</strong></span> <span class='ocrx_word' id='word_1_52' title='bbox 1057 1698 1464 1764; x_wconf 74' lang='lat' dir='ltr'><strong>anxietatis2</strong></span> <span class='ocrx_word' id='word_1_53' title='bbox 1508 1700 1638 1765; x_wconf 91' lang='lat' dir='ltr'><strong>mei</strong></span> <span class='ocrx_word' id='word_1_54' title='bbox 1684 1699 1897 1765; x_wconf 85' lang='lat' dir='ltr'><strong>cordis</strong></span> <span class='ocrx_word' id='word_1_55' title='bbox 1942 1723 2353 1787; x_wconf 78' lang='lat' dir='ltr'><strong>exponerem,</strong></span> <span class='ocrx_word' id='word_1_56' title='bbox 2399 1707 2479 1767; x_wconf 84' lang='lat' dir='ltr'><strong>ut</strong></span> <span class='ocrx_word' id='word_1_57' title='bbox 2522 1725 2564 1766; x_wconf 89' lang='lat' dir='ltr'><strong>a</strong></span> <span class='ocrx_word' id='word_1_58' title='bbox 2598 1702 3009 1768; x_wconf 83' lang='lat' dir='ltr'><strong>sublimitate</strong></span> 
     </span>
     <span class='ocr_line' id='line_1_10' title="bbox 563 1782 3007 1890; baseline 0.002 -27"><span class='ocrx_word' id='word_1_59' title='bbox 563 1782 832 1886; x_wconf 42' lang='lat' dir='ltr'><strong>3:1⁸3?ss-</strong></span> <span class='ocrx_word' id='word_1_60' title='bbox 899 1805 1124 1868; x_wconf 82' lang='lat' dir='ltr'><strong>vestra</strong></span> <span class='ocrx_word' id='word_1_61' title='bbox 1185 1801 1540 1886; x_wconf 87' lang='lat' dir='ltr'><strong>impetrata</strong></span> <span class='ocrx_word' id='word_1_62' title='bbox 1600 1801 1955 1868; x_wconf 89' lang='lat' dir='ltr'><strong>clementer</strong></span> <span class='ocrx_word' id='word_1_63' title='bbox 2030 1803 2173 1889; x_wconf 87' lang='lat' dir='ltr'><strong>ejus</strong></span> <span class='ocrx_word' id='word_1_64' title='bbox 2247 1803 2355 1870; x_wconf 88' lang='lat' dir='ltr'><strong>cui</strong></span> <span class='ocrx_word' id='word_1_65' title='bbox 2423 1804 2752 1890; x_wconf 86' lang='lat' dir='ltr'><strong>astringor</strong></span> <span class='ocrx_word' id='word_1_66' title='bbox 2814 1803 3007 1870; x_wconf 87' lang='lat' dir='ltr'><strong>officii</strong></span> 
     </span>
     <span class='ocr_line' id='line_1_11' title="bbox 562 1899 3007 1990; baseline 0.003 -25"><span class='ocrx_word' id='word_1_67' title='bbox 562 1899 648 1950; x_wconf 62' lang='lat'><strong>‘¹³0</strong></span> <span class='ocrx_word' id='word_1_68' title='bbox 669 1917 820 1967; x_wconf 77' lang='lat' dir='ltr'><strong>pope.</strong></span> <span class='ocrx_word' id='word_1_69' title='bbox 895 1901 1324 1982; x_wconf 87' lang='lat' dir='ltr'><strong>absolutione,</strong></span> <span class='ocrx_word' id='word_1_70' title='bbox 1401 1905 1487 1970; x_wconf 87' lang='lat' dir='ltr'><strong>ab</strong></span> <span class='ocrx_word' id='word_1_71' title='bbox 1563 1903 1668 1969; x_wconf 88' lang='lat' dir='ltr'><strong>his</strong></span> <span class='ocrx_word' id='word_1_72' title='bbox 1753 1905 1995 1990; x_wconf 86' lang='lat' dir='ltr'><strong>quibus</strong></span> <span class='ocrx_word' id='word_1_73' title='bbox 2071 1905 2311 1972; x_wconf 89' lang='lat' dir='ltr'><strong>obruor</strong></span> <span class='ocrx_word' id='word_1_74' title='bbox 2384 1905 2697 1974; x_wconf 89' lang='lat' dir='ltr'><strong>fluctibus</strong></span> <span class='ocrx_word' id='word_1_75' title='bbox 2772 1905 3007 1972; x_wconf 79' lang='lat' dir='ltr'><strong>saltem</strong></span> 
     </span>
     <span class='ocr_line' id='line_1_12' title="bbox 894 2003 3005 2096; baseline 0.002 -28"><span class='ocrx_word' id='word_1_76' title='bbox 894 2005 1113 2070; x_wconf 89' lang='lat' dir='ltr'><strong>nudus</strong></span> <span class='ocrx_word' id='word_1_77' title='bbox 1181 2007 1544 2085; x_wconf 80' lang='lat' dir='ltr'><strong>evaderem,</strong></span> <span class='ocrx_word' id='word_1_78' title='bbox 1613 2012 1684 2074; x_wconf 91' lang='lat' dir='ltr'><strong>et</strong></span> <span class='ocrx_word' id='word_1_79' title='bbox 1751 2028 1901 2075; x_wconf 90' lang='lat' dir='ltr'><strong>cum</strong></span> <span class='ocrx_word' id='word_1_80' title='bbox 1971 2003 2339 2074; x_wconf 32' lang='lat' dir='ltr'><strong>multorum*</strong></span> <span class='ocrx_word' id='word_1_81' title='bbox 2399 2029 2737 2096; x_wconf 86' lang='lat' dir='ltr'><strong>nequeam,</strong></span> <span class='ocrx_word' id='word_1_82' title='bbox 2801 2007 3005 2074; x_wconf 85' lang='lat' dir='ltr'><strong>saluti</strong></span> 
     </span>
     <span class='ocr_line' id='line_1_13' title="bbox 891 2107 3003 2195; baseline 0.002 -25"><span class='ocrx_word' id='word_1_83' title='bbox 891 2107 1128 2172; x_wconf 84' lang='lat' dir='ltr'><strong>saltem</strong></span> <span class='ocrx_word' id='word_1_84' title='bbox 1175 2129 1338 2174; x_wconf 89' lang='lat' dir='ltr'><strong>meae</strong></span> <span class='ocrx_word' id='word_1_85' title='bbox 1391 2109 1812 2194; x_wconf 88' lang='lat' dir='ltr'><strong>aliquatenus</strong></span> <span class='ocrx_word' id='word_1_86' title='bbox 1858 2108 2290 2195; x_wconf 83' lang='lat' dir='ltr'><strong>providerem.</strong></span> <span class='ocrx_word' id='word_1_87' title='bbox 2386 2109 2631 2176; x_wconf 87' lang='lat' dir='ltr'><strong>Omnes</strong></span> <span class='ocrx_word' id='word_1_88' title='bbox 2676 2110 2853 2174; x_wconf 86' lang='lat' dir='ltr'><strong>enim</strong></span> <span class='ocrx_word' id='word_1_89' title='bbox 2916 2107 3003 2176; x_wconf 86' lang='lat' dir='ltr'><strong>ab</strong></span> 
     </span>
     <span class='ocr_line' id='line_1_14' title="bbox 891 2208 3001 2297; baseline 0.002 -26"><span class='ocrx_word' id='word_1_90' title='bbox 891 2208 1154 2294; x_wconf 75' lang='lat' dir='ltr'><strong>Angliae</strong></span> <span class='ocrx_word' id='word_1_91' title='bbox 1220 2210 1467 2276; x_wconf 87' lang='lat' dir='ltr'><strong>finibus</strong></span> <span class='ocrx_word' id='word_1_92' title='bbox 1511 2212 1596 2276; x_wconf 85' lang='lat' dir='ltr'><strong>ad</strong></span> <span class='ocrx_word' id='word_1_93' title='bbox 1665 2232 1784 2276; x_wconf 87' lang='lat' dir='ltr'><strong>vos</strong></span> <span class='ocrx_word' id='word_1_94' title='bbox 1852 2232 2063 2296; x_wconf 88' lang='lat' dir='ltr'><strong>usque</strong></span> <span class='ocrx_word' id='word_1_95' title='bbox 2106 2211 2543 2290; x_wconf 76' lang='lat' dir='ltr'><strong>decurrentes,</strong></span> <span class='ocrx_word' id='word_1_96' title='bbox 2592 2215 2669 2276; x_wconf 85' lang='lat' dir='ltr'><strong>ut</strong></span> <span class='ocrx_word' id='word_1_97' title='bbox 2730 2211 3001 2297; x_wconf 87' lang='lat' dir='ltr'><strong>quibus-</strong></span> 
     </span>
     <span class='ocr_line' id='line_1_15' title="bbox 890 2309 3001 2398; baseline 0.002 -25"><span class='ocrx_word' id='word_1_98' title='bbox 890 2309 1043 2374; x_wconf 86' lang='lat' dir='ltr'><strong>dam</strong></span> <span class='ocrx_word' id='word_1_99' title='bbox 1111 2332 1245 2376; x_wconf 85' lang='lat' dir='ltr'><strong>non</strong></span> <span class='ocrx_word' id='word_1_100' title='bbox 1321 2315 1494 2378; x_wconf 90' lang='lat' dir='ltr'><strong>certe</strong></span> <span class='ocrx_word' id='word_1_101' title='bbox 1570 2311 1893 2398; x_wconf 84' lang='lat' dir='ltr'><strong>placeant,</strong></span> <span class='ocrx_word' id='word_1_102' title='bbox 1970 2335 2076 2378; x_wconf 90' lang='lat' dir='ltr'><strong>me</strong></span> <span class='ocrx_word' id='word_1_103' title='bbox 2150 2313 2579 2380; x_wconf 82' lang='lat' dir='ltr'><strong>seminarium</strong></span> <span class='ocrx_word' id='word_1_104' title='bbox 2639 2313 3001 2391; x_wconf 62' lang='lat' dir='ltr'><strong>discordiae,</strong></span> 
     </span>
     <span class='ocr_line' id='line_1_16' title="bbox 889 2411 2998 2494; baseline 0.002 -19"><span class='ocrx_word' id='word_1_105' title='bbox 889 2411 1342 2478; x_wconf 80' lang='lat' dir='ltr'><strong>subversorem</strong></span> <span class='ocrx_word' id='word_1_106' title='bbox 1409 2413 1714 2494; x_wconf 82' lang='lat' dir='ltr'><strong>ecclesiae,</strong></span> <span class='ocrx_word' id='word_1_107' title='bbox 1783 2414 2198 2482; x_wconf 86' lang='lat' dir='ltr'><strong>incentivum</strong></span> <span class='ocrx_word' id='word_1_108' title='bbox 2222 2411 2247 2451; x_wconf 79' lang='lat'>³</span> <span class='ocrx_word' id='word_1_109' title='bbox 2294 2415 2637 2491; x_wconf 87' lang='lat' dir='ltr'><strong>malorum,</strong></span> <span class='ocrx_word' id='word_1_110' title='bbox 2699 2414 2998 2480; x_wconf 88' lang='lat' dir='ltr'><strong>fomitem</strong></span> 
     </span>
     <span class='ocr_line' id='line_1_17' title="bbox 887 2512 2999 2602; baseline 0.004 -26"><span class='ocrx_word' id='word_1_111' title='bbox 887 2512 1027 2578; x_wconf 86' lang='lat' dir='ltr'><strong>litis</strong></span> <span class='ocrx_word' id='word_1_112' title='bbox 1072 2520 1142 2581; x_wconf 90' lang='lat' dir='ltr'><strong>et</strong></span> <span class='ocrx_word' id='word_1_113' title='bbox 1187 2515 1488 2582; x_wconf 89' lang='lat' dir='ltr'><strong>odiorum</strong></span> <span class='ocrx_word' id='word_1_114' title='bbox 1535 2517 1853 2598; x_wconf 76' lang='lat' dir='ltr'><strong>omnium,</strong></span> <span class='ocrx_word' id='word_1_115' title='bbox 1900 2517 2169 2584; x_wconf 87' lang='lat' dir='ltr'><strong>sinistre</strong></span> <span class='ocrx_word' id='word_1_116' title='bbox 2214 2517 2655 2594; x_wconf 87' lang='lat' dir='ltr'><strong>denuntiant;</strong></span> <span class='ocrx_word' id='word_1_117' title='bbox 2720 2521 2788 2581; x_wconf 91' lang='lat' dir='ltr'><strong>et</strong></span> <span class='ocrx_word' id='word_1_118' title='bbox 2850 2538 2999 2602; x_wconf 81' lang='lat' dir='ltr'><strong>quae</strong></span> 
     </span>
     <span class='ocr_line' id='line_1_18' title="bbox 885 2617 2995 2704; baseline 0.001 -24"><span class='ocrx_word' id='word_1_119' title='bbox 885 2635 1006 2682; x_wconf 90' lang='lat' dir='ltr'><strong>nec</strong></span> <span class='ocrx_word' id='word_1_120' title='bbox 1049 2637 1208 2682; x_wconf 87' lang='lat' dir='ltr'><strong>vera</strong></span> <span class='ocrx_word' id='word_1_121' title='bbox 1255 2624 1430 2694; x_wconf 86' lang='lat' dir='ltr'><strong>sunt,</strong></span> <span class='ocrx_word' id='word_1_122' title='bbox 1476 2639 1598 2686; x_wconf 88' lang='lat' dir='ltr'><strong>nec</strong></span> <span class='ocrx_word' id='word_1_123' title='bbox 1642 2640 1937 2704; x_wconf 88' lang='lat' dir='ltr'><strong>unquam</strong></span> <span class='ocrx_word' id='word_1_124' title='bbox 1984 2619 2313 2704; x_wconf 86' lang='lat' dir='ltr'><strong>(juvante</strong></span> <span class='ocrx_word' id='word_1_125' title='bbox 2358 2618 2674 2701; x_wconf 88' lang='lat' dir='ltr'><strong>Domino)</strong></span> <span class='ocrx_word' id='word_1_126' title='bbox 2734 2617 2995 2704; x_wconf 88' lang='lat' dir='ltr'><strong>probari</strong></span> 
     </span>
     <span class='ocr_line' id='line_1_19' title="bbox 883 2720 2998 2806; baseline 0 -22"><span class='ocrx_word' id='word_1_127' title='bbox 883 2723 1218 2803; x_wconf 84' lang='lat' dir='ltr'><strong>poterunt,</strong></span> <span class='ocrx_word' id='word_1_128' title='bbox 1266 2720 1514 2786; x_wconf 83' lang='lat' dir='ltr'><strong>sanctis</strong></span> <span class='ocrx_word' id='word_1_129' title='bbox 1561 2721 1799 2786; x_wconf 86' lang='lat' dir='ltr'><strong>vestris</strong></span> <span class='ocrx_word' id='word_1_130' title='bbox 1845 2721 2119 2788; x_wconf 88' lang='lat' dir='ltr'><strong>auribus</strong></span> <span class='ocrx_word' id='word_1_131' title='bbox 2162 2722 2515 2788; x_wconf 84' lang='lat' dir='ltr'><strong>adversum</strong></span> <span class='ocrx_word' id='word_1_132' title='bbox 2556 2743 2663 2786; x_wconf 90' lang='lat' dir='ltr'><strong>me</strong></span> <span class='ocrx_word' id='word_1_133' title='bbox 2708 2740 2998 2806; x_wconf 89' lang='lat' dir='ltr'><strong>quorun-</strong></span> 
     </span>
     <span class='ocr_line' id='line_1_20' title="bbox 883 2819 2996 2909; baseline 0.001 -27"><span class='ocrx_word' id='word_1_134' title='bbox 883 2819 1036 2886; x_wconf 88' lang='lat' dir='ltr'><strong>dam</strong></span> <span class='ocrx_word' id='word_1_135' title='bbox 1081 2821 1422 2908; x_wconf 86' lang='lat' dir='ltr'><strong>promissis</strong></span> <span class='ocrx_word' id='word_1_136' title='bbox 1467 2827 1538 2888; x_wconf 90' lang='lat' dir='ltr'><strong>et</strong></span> <span class='ocrx_word' id='word_1_137' title='bbox 1580 2822 1887 2909; x_wconf 86' lang='lat' dir='ltr'><strong>precibus</strong></span> <span class='ocrx_word' id='word_1_138' title='bbox 1932 2823 2258 2888; x_wconf 84' lang='lat' dir='ltr'><strong>instillare</strong></span> <span class='ocrx_word' id='word_1_139' title='bbox 2289 2843 2425 2888; x_wconf 90' lang='lat' dir='ltr'><strong>non</strong></span> <span class='ocrx_word' id='word_1_140' title='bbox 2472 2822 2813 2888; x_wconf 86' lang='lat' dir='ltr'><strong>omittunt.</strong></span> <span class='ocrx_word' id='word_1_141' title='bbox 2906 2822 2996 2886; x_wconf 89' lang='lat' dir='ltr'><strong>Et</strong></span> 
     </span>
     <span class='ocr_line' id='line_1_21' title="bbox 879 2924 2991 3011; baseline -0.001 -20"><span class='ocrx_word' id='word_1_142' title='bbox 879 2947 1041 3003; x_wconf 89' lang='lat' dir='ltr'><strong>ecce,</strong></span> <span class='ocrx_word' id='word_1_143' title='bbox 1077 2931 1286 3011; x_wconf 88' lang='lat' dir='ltr'><strong>pater,</strong></span> <span class='ocrx_word' id='word_1_144' title='bbox 1330 2925 1586 3001; x_wconf 88' lang='lat' dir='ltr'><strong>morior,</strong></span> <span class='ocrx_word' id='word_1_145' title='bbox 1633 2946 1786 2993; x_wconf 89' lang='lat' dir='ltr'><strong>cum</strong></span> <span class='ocrx_word' id='word_1_146' title='bbox 1832 2924 1929 2988; x_wconf 89' lang='lat' dir='ltr'><strong>nil</strong></span> <span class='ocrx_word' id='word_1_147' title='bbox 1976 2924 2211 2990; x_wconf 87' lang='lat' dir='ltr'><strong>horum</strong></span> <span class='ocrx_word' id='word_1_148' title='bbox 2256 2924 2543 3000; x_wconf 85' lang='lat' dir='ltr'><strong>fecerim,</strong></span> <span class='ocrx_word' id='word_1_149' title='bbox 2575 2945 2725 2993; x_wconf 87' lang='lat' dir='ltr'><strong>cum</strong></span> <span class='ocrx_word' id='word_1_150' title='bbox 2756 2924 2991 2991; x_wconf 85' lang='lat' dir='ltr'><strong>horum</strong></span> 
     </span>
     <span class='ocr_line' id='line_1_22' title="bbox 878 3026 2993 3094; baseline 0.002 -5"><span class='ocrx_word' id='word_1_151' title='bbox 878 3028 952 3093; x_wconf 90' lang='lat' dir='ltr'><strong>in</strong></span> <span class='ocrx_word' id='word_1_152' title='bbox 995 3028 1181 3094; x_wconf 90' lang='lat' dir='ltr'><strong>nullo</strong></span> <span class='ocrx_word' id='word_1_153' title='bbox 1234 3026 1532 3094; x_wconf 82' lang='lat' dir='ltr'><strong>conscius</strong></span> <span class='ocrx_word' id='word_1_154' title='bbox 1593 3028 1736 3093; x_wconf 88' lang='lat' dir='ltr'><strong>sim.</strong></span> <span class='ocrx_word' id='word_1_155' title='bbox 1831 3026 2097 3093; x_wconf 84' lang='lat' dir='ltr'><strong>Dantur</strong></span> <span class='ocrx_word' id='word_1_156' title='bbox 2166 3028 2237 3091; x_wconf 91' lang='lat' dir='ltr'><strong>in</strong></span> <span class='ocrx_word' id='word_1_157' title='bbox 2284 3048 2393 3092; x_wconf 90' lang='lat' dir='ltr'><strong>me</strong></span> <span class='ocrx_word' id='word_1_158' title='bbox 2454 3026 2805 3093; x_wconf 73' lang='lat' dir='ltr'><strong>sententiae</strong></span> <span class='ocrx_word' id='word_1_159' title='bbox 2872 3048 2993 3093; x_wconf 89' lang='lat' dir='ltr'><strong>nec</strong></span> 
     </span>
     <span class='ocr_line' id='line_1_23' title="bbox 876 3129 2987 3214; baseline -0.001 -19"><span class='ocrx_word' id='word_1_160' title='bbox 876 3129 1248 3196; x_wconf 87' lang='lat' dir='ltr'><strong>confessum</strong></span> <span class='ocrx_word' id='word_1_161' title='bbox 1293 3152 1415 3195; x_wconf 88' lang='lat' dir='ltr'><strong>nec</strong></span> <span class='ocrx_word' id='word_1_162' title='bbox 1460 3130 1836 3197; x_wconf 85' lang='lat' dir='ltr'><strong>convictum</strong></span> <span class='ocrx_word' id='word_1_163' title='bbox 1888 3130 2001 3195; x_wconf 89' lang='lat' dir='ltr'><strong>sed</strong></span> <span class='ocrx_word' id='word_1_164' title='bbox 2047 3151 2169 3197; x_wconf 89' lang='lat' dir='ltr'><strong>nec</strong></span> <span class='ocrx_word' id='word_1_165' title='bbox 2198 3129 2467 3214; x_wconf 89' lang='lat' dir='ltr'><strong>quidem</strong></span> <span class='ocrx_word' id='word_1_166' title='bbox 2498 3129 2987 3195; x_wconf 88' lang='lat' dir='ltr'><strong>commonitum.</strong></span> 
     </span>
     <span class='ocr_line' id='line_1_24' title="bbox 878 3232 2989 3319; baseline 0 -22"><span class='ocrx_word' id='word_1_167' title='bbox 878 3232 1228 3298; x_wconf 88' lang='lat' dir='ltr'><strong>Formatur</strong></span> <span class='ocrx_word' id='word_1_168' title='bbox 1303 3239 1372 3297; x_wconf 88' lang='lat' dir='ltr'><strong>et</strong></span> <span class='ocrx_word' id='word_1_169' title='bbox 1451 3232 1852 3317; x_wconf 88' lang='lat' dir='ltr'><strong>confingitur</strong></span> <span class='ocrx_word' id='word_1_170' title='bbox 1924 3232 2281 3311; x_wconf 88' lang='lat' dir='ltr'><strong>notorium,</strong></span> <span class='ocrx_word' id='word_1_171' title='bbox 2358 3237 2427 3297; x_wconf 90' lang='lat' dir='ltr'><strong>et</strong></span> <span class='ocrx_word' id='word_1_172' title='bbox 2508 3237 2587 3297; x_wconf 86' lang='lat' dir='ltr'><strong>ut</strong></span> <span class='ocrx_word' id='word_1_173' title='bbox 2658 3233 2989 3319; x_wconf 85' lang='lat' dir='ltr'><strong>grassanti</strong></span> 
     </span>
     <span class='ocr_line' id='line_1_25' title="bbox 875 3332 2991 3419; baseline 0 -20"><span class='ocrx_word' id='word_1_174' title='bbox 875 3334 1045 3399; x_wconf 85' lang='lat' dir='ltr'><strong>nihil</strong></span> <span class='ocrx_word' id='word_1_175' title='bbox 1115 3335 1288 3399; x_wconf 89' lang='lat' dir='ltr'><strong>desit</strong></span> <span class='ocrx_word' id='word_1_176' title='bbox 1363 3334 1654 3409; x_wconf 63' lang='lat' dir='ltr'><strong>invidiae,</strong></span> <span class='ocrx_word' id='word_1_177' title='bbox 1730 3333 1910 3419; x_wconf 91' lang='lat' dir='ltr'><strong>quod</strong></span> <span class='ocrx_word' id='word_1_178' title='bbox 1976 3332 2147 3397; x_wconf 89' lang='lat' dir='ltr'><strong>nulli</strong></span> <span class='ocrx_word' id='word_1_179' title='bbox 2212 3338 2447 3398; x_wconf 88' lang='lat' dir='ltr'><strong>notum</strong></span> <span class='ocrx_word' id='word_1_180' title='bbox 2512 3338 2613 3397; x_wconf 84' lang='lat' dir='ltr'><strong>est</strong></span> <span class='ocrx_word' id='word_1_181' title='bbox 2673 3332 2991 3399; x_wconf 78' lang='lat' dir='ltr'><strong>audacter</strong></span> 
     </span>
    </p>
   </div>
   <div class='ocr_carea' id='block_1_4' title="bbox 531 3434 2987 4543">
    <p class='ocr_par' dir='ltr' id='par_1_6' title="bbox 531 3434 2987 4543">
     <span class='ocr_line' id='line_1_26' title="bbox 875 3434 2987 3523; baseline -0.001 -21"><span class='ocrx_word' id='word_1_182' title='bbox 875 3442 1178 3503; x_wconf 86' lang='lat' dir='ltr'><strong>asserunt</strong></span> <span class='ocrx_word' id='word_1_183' title='bbox 1253 3458 1393 3501; x_wconf 86' lang='lat' dir='ltr'><strong>esse</strong></span> <span class='ocrx_word' id='word_1_184' title='bbox 1464 3436 1904 3501; x_wconf 80' lang='lat' dir='ltr'><strong>notissimum.</strong></span> <span class='ocrx_word' id='word_1_185' title='bbox 1996 3434 2099 3501; x_wconf 93' lang='lat' dir='ltr'><strong>De</strong></span> <span class='ocrx_word' id='word_1_186' title='bbox 2196 3456 2394 3501; x_wconf 87' lang='lat' dir='ltr'><strong>manu</strong></span> <span class='ocrx_word' id='word_1_187' title='bbox 2474 3455 2622 3500; x_wconf 88' lang='lat' dir='ltr'><strong>mea</strong></span> <span class='ocrx_word' id='word_1_188' title='bbox 2718 3434 2987 3523; x_wconf 82' lang='lat' dir='ltr'><strong>sanguis</strong></span> 
     </span>
     <span class='ocr_line' id='line_1_27' title="bbox 874 3536 2985 3623; baseline -0.001 -20"><span class='ocrx_word' id='word_1_189' title='bbox 874 3560 1072 3623; x_wconf 89' lang='lat' dir='ltr'><strong>quem</strong></span> <span class='ocrx_word' id='word_1_190' title='bbox 1117 3559 1254 3604; x_wconf 90' lang='lat' dir='ltr'><strong>non</strong></span> <span class='ocrx_word' id='word_1_191' title='bbox 1314 3538 1518 3603; x_wconf 83' lang='lat' dir='ltr'><strong>effudi</strong></span> <span class='ocrx_word' id='word_1_192' title='bbox 1587 3536 1967 3622; x_wconf 86' lang='lat' dir='ltr'><strong>requiritur,</strong></span> <span class='ocrx_word' id='word_1_193' title='bbox 2012 3542 2081 3601; x_wconf 89' lang='lat' dir='ltr'><strong>et</strong></span> <span class='ocrx_word' id='word_1_194' title='bbox 2142 3536 2575 3621; x_wconf 84' lang='lat' dir='ltr'><strong>injustissime</strong></span> <span class='ocrx_word' id='word_1_195' title='bbox 2638 3558 2786 3621; x_wconf 85' lang='lat' dir='ltr'><strong>quae</strong></span> <span class='ocrx_word' id='word_1_196' title='bbox 2849 3558 2985 3601; x_wconf 91' lang='lat' dir='ltr'><strong>non</strong></span> 
     </span>
     <span class='ocr_line' id='line_1_28' title="bbox 869 3638 2983 3727; baseline -0.001 -22"><span class='ocrx_word' id='word_1_197' title='bbox 869 3641 1062 3727; x_wconf 86' lang='lat' dir='ltr'><strong>rapui</strong></span> <span class='ocrx_word' id='word_1_198' title='bbox 1137 3662 1330 3727; x_wconf 84' lang='lat' dir='ltr'><strong>cogor</strong></span> <span class='ocrx_word' id='word_1_199' title='bbox 1398 3640 1752 3705; x_wconf 82' lang='lat' dir='ltr'><strong>exsolvere.</strong></span> <span class='ocrx_word' id='word_1_200' title='bbox 1845 3639 2011 3719; x_wconf 80' lang='lat' dir='ltr'><strong>Quae</strong></span> <span class='ocrx_word' id='word_1_201' title='bbox 2074 3638 2389 3704; x_wconf 88' lang='lat' dir='ltr'><strong>nimirum</strong></span> <span class='ocrx_word' id='word_1_202' title='bbox 2455 3639 2677 3705; x_wconf 89' lang='lat' dir='ltr'><strong>omnia</strong></span> <span class='ocrx_word' id='word_1_203' title='bbox 2742 3638 2815 3702; x_wconf 92' lang='lat' dir='ltr'><strong>in</strong></span> <span class='ocrx_word' id='word_1_204' title='bbox 2876 3660 2983 3703; x_wconf 91' lang='lat' dir='ltr'><strong>me</strong></span> 
     </span>
     <span class='ocr_line' id='line_1_29' title="bbox 531 3741 2981 3833; baseline -0.001 -24"><span class='ocrx_word' id='word_1_205' title='bbox 531 3766 629 3817; x_wconf 82' lang='lat' dir='ltr'><strong>His</strong></span> <span class='ocrx_word' id='word_1_206' title='bbox 645 3766 1176 3833; x_wconf 72' lang='lat' dir='ltr'><strong>appea1.reeasur8·</strong></span> <span class='ocrx_word' id='word_1_207' title='bbox 1269 3749 1584 3819; x_wconf 86' lang='lat' dir='ltr'><strong>metuens,</strong></span> <span class='ocrx_word' id='word_1_208' title='bbox 1661 3764 1923 3807; x_wconf 88' lang='lat' dir='ltr'><strong>omnem</strong></span> <span class='ocrx_word' id='word_1_209' title='bbox 2017 3741 2483 3828; x_wconf 75' lang='lat' dir='ltr'><strong>praeveniendo</strong></span> <span class='ocrx_word' id='word_1_210' title='bbox 2582 3742 2981 3807; x_wconf 83' lang='lat' dir='ltr'><strong>sententiam</strong></span> 
     </span>
     <span class='ocr_line' id='line_1_30' title="bbox 745 3844 2980 3933; baseline 0 -22"><span class='ocrx_word' id='word_1_211' title='bbox 745 3886 752 3893; x_wconf 86' lang='lat'><strong>·</strong></span> <span class='ocrx_word' id='word_1_212' title='bbox 867 3846 1294 3933; x_wconf 81' lang='lat' dir='ltr'><strong>apostolicam</strong></span> <span class='ocrx_word' id='word_1_213' title='bbox 1332 3844 1730 3931; x_wconf 86' lang='lat' dir='ltr'><strong>jamdudum</strong></span> <span class='ocrx_word' id='word_1_214' title='bbox 1775 3845 2109 3931; x_wconf 87' lang='lat' dir='ltr'><strong>appellavi</strong></span> <span class='ocrx_word' id='word_1_215' title='bbox 2174 3844 2611 3930; x_wconf 82' lang='lat' dir='ltr'><strong>praesentiam,</strong></span> <span class='ocrx_word' id='word_1_216' title='bbox 2658 3844 2721 3908; x_wconf 92' lang='lat' dir='ltr'><strong>ei</strong></span> <span class='ocrx_word' id='word_1_217' title='bbox 2782 3866 2980 3933; x_wconf 87' lang='lat' dir='ltr'><strong>super</strong></span> 
     </span>
     <span class='ocr_line' id='line_1_31' title="bbox 867 3946 2977 4034; baseline 0 -23"><span class='ocrx_word' id='word_1_218' title='bbox 867 3948 972 4013; x_wconf 88' lang='lat' dir='ltr'><strong>his</strong></span> <span class='ocrx_word' id='word_1_219' title='bbox 1047 3954 1286 4034; x_wconf 84' lang='lat' dir='ltr'><strong>optans</strong></span> <span class='ocrx_word' id='word_1_220' title='bbox 1362 3947 1666 4013; x_wconf 87' lang='lat' dir='ltr'><strong>assistere</strong></span> <span class='ocrx_word' id='word_1_221' title='bbox 1743 3966 1939 4033; x_wconf 87' lang='lat' dir='ltr'><strong>quem</strong></span> <span class='ocrx_word' id='word_1_222' title='bbox 2008 3947 2080 4011; x_wconf 89' lang='lat' dir='ltr'><strong>in</strong></span> <span class='ocrx_word' id='word_1_223' title='bbox 2136 3946 2289 4031; x_wconf 81' lang='lat' dir='ltr'><strong>jure</strong></span> <span class='ocrx_word' id='word_1_224' title='bbox 2354 3951 2605 4013; x_wconf 87' lang='lat' dir='ltr'><strong>eertum</strong></span> <span class='ocrx_word' id='word_1_225' title='bbox 2676 3951 2776 4011; x_wconf 84' lang='lat' dir='ltr'><strong>est</strong></span> <span class='ocrx_word' id='word_1_226' title='bbox 2844 3968 2977 4011; x_wconf 89' lang='lat' dir='ltr'><strong>non</strong></span> 
     </span>
     <span class='ocr_line' id='line_1_32' title="bbox 865 4045 2973 4133; baseline 0 -20"><span class='ocrx_word' id='word_1_227' title='bbox 865 4070 1096 4115; x_wconf 85' lang='lat' dir='ltr'><strong>errare.</strong></span> <span class='ocrx_word' id='word_1_228' title='bbox 1189 4048 1406 4128; x_wconf 79' lang='lat' dir='ltr'><strong>Quam</strong></span> <span class='ocrx_word' id='word_1_229' title='bbox 1452 4048 1768 4113; x_wconf 89' lang='lat' dir='ltr'><strong>nimirum</strong></span> <span class='ocrx_word' id='word_1_230' title='bbox 1834 4045 2345 4133; x_wconf 83' lang='lat' dir='ltr'><strong>appellationem</strong></span> <span class='ocrx_word' id='word_1_231' title='bbox 2392 4046 2449 4111; x_wconf 90' lang='lat' dir='ltr'><strong>si</strong></span> <span class='ocrx_word' id='word_1_232' title='bbox 2494 4046 2765 4113; x_wconf 88' lang='lat' dir='ltr'><strong>minime</strong></span> <span class='ocrx_word' id='word_1_233' title='bbox 2830 4069 2973 4133; x_wconf 82' lang='lat' dir='ltr'><strong>pro·</strong></span> 
     </span>
     <span class='ocr_line' id='line_1_33' title="bbox 865 4148 2975 4235; baseline 0 -21"><span class='ocrx_word' id='word_1_234' title='bbox 865 4156 1126 4217; x_wconf 85' lang='lat' dir='ltr'><strong>secutus</strong></span> <span class='ocrx_word' id='word_1_235' title='bbox 1173 4172 1320 4215; x_wconf 83' lang='lat' dir='ltr'><strong>sum</strong></span> <span class='ocrx_word' id='word_1_236' title='bbox 1367 4150 1510 4217; x_wconf 85' lang='lat' dir='ltr'><strong>haee</strong></span> <span class='ocrx_word' id='word_1_237' title='bbox 1554 4170 1752 4215; x_wconf 86' lang='lat' dir='ltr'><strong>eausa</strong></span> <span class='ocrx_word' id='word_1_238' title='bbox 1797 4149 2077 4224; x_wconf 71' lang='lat' dir='ltr'><strong>exstitit,</strong></span> <span class='ocrx_word' id='word_1_239' title='bbox 2132 4150 2307 4233; x_wconf 87' lang='lat' dir='ltr'><strong>quod</strong></span> <span class='ocrx_word' id='word_1_240' title='bbox 2354 4148 2589 4235; x_wconf 85' lang='lat' dir='ltr'><strong>legatis</strong></span> <span class='ocrx_word' id='word_1_241' title='bbox 2634 4150 2719 4215; x_wconf 89' lang='lat' dir='ltr'><strong>ad</strong></span> <span class='ocrx_word' id='word_1_242' title='bbox 2766 4148 2975 4217; x_wconf 89' lang='lat' dir='ltr'><strong>demi-</strong></span> 
     </span>
     <span class='ocr_line' id='line_1_34' title="bbox 859 4250 2972 4338; baseline -0.001 -21"><span class='ocrx_word' id='word_1_243' title='bbox 859 4275 1022 4318; x_wconf 88' lang='lat' dir='ltr'><strong>num</strong></span> <span class='ocrx_word' id='word_1_244' title='bbox 1067 4258 1368 4319; x_wconf 85' lang='lat' dir='ltr'><strong>nostrum</strong></span> <span class='ocrx_word' id='word_1_245' title='bbox 1397 4273 1618 4338; x_wconf 86' lang='lat' dir='ltr'><strong>regem</strong></span> <span class='ocrx_word' id='word_1_246' title='bbox 1647 4272 1694 4318; x_wconf 87' lang='lat' dir='ltr'><strong>a</strong></span> <span class='ocrx_word' id='word_1_247' title='bbox 1733 4251 1940 4319; x_wconf 87' lang='lat' dir='ltr'><strong>latere</strong></span> <span class='ocrx_word' id='word_1_248' title='bbox 1986 4256 2206 4319; x_wconf 86' lang='lat' dir='ltr'><strong>vestre</strong></span> <span class='ocrx_word' id='word_1_249' title='bbox 2236 4250 2523 4327; x_wconf 87' lang='lat' dir='ltr'><strong>directis,</strong></span> <span class='ocrx_word' id='word_1_250' title='bbox 2552 4251 2647 4317; x_wconf 88' lang='lat' dir='ltr'><strong>eis</strong></span> <span class='ocrx_word' id='word_1_251' title='bbox 2676 4251 2972 4317; x_wconf 88' lang='lat' dir='ltr'><strong>omnium</strong></span> 
     </span>
     <span class='ocr_line' id='line_1_35' title="bbox 861 4351 2971 4439; baseline -0 -21"><span class='ocrx_word' id='word_1_252' title='bbox 861 4374 1010 4439; x_wconf 82' lang='lat' dir='ltr'><strong>quae</strong></span> <span class='ocrx_word' id='word_1_253' title='bbox 1053 4354 1231 4419; x_wconf 89' lang='lat' dir='ltr'><strong>inter</strong></span> <span class='ocrx_word' id='word_1_254' title='bbox 1276 4353 1616 4419; x_wconf 84' lang='lat' dir='ltr'><strong>dominum</strong></span> <span class='ocrx_word' id='word_1_255' title='bbox 1666 4351 2209 4417; x_wconf 85' lang='lat' dir='ltr'><strong>Cantuariensem</strong></span> <span class='ocrx_word' id='word_1_256' title='bbox 2257 4351 2693 4417; x_wconf 86' lang='lat' dir='ltr'><strong>vertebantur</strong></span> <span class='ocrx_word' id='word_1_257' title='bbox 2736 4356 2808 4415; x_wconf 90' lang='lat' dir='ltr'><strong>et</strong></span> <span class='ocrx_word' id='word_1_258' title='bbox 2852 4372 2971 4417; x_wconf 86' lang='lat' dir='ltr'><strong>nos</strong></span> 
     </span>
     <span class='ocr_line' id='line_1_36' title="bbox 856 4452 2969 4543; baseline -0.001 -20"><span class='ocrx_word' id='word_1_259' title='bbox 856 4456 1296 4543; x_wconf 86' lang='lat' dir='ltr'><strong>cognitionem</strong></span> <span class='ocrx_word' id='word_1_260' title='bbox 1327 4455 1576 4542; x_wconf 85' lang='lat' dir='ltr'><strong>pariter</strong></span> <span class='ocrx_word' id='word_1_261' title='bbox 1605 4460 1674 4520; x_wconf 90' lang='lat' dir='ltr'><strong>et</strong></span> <span class='ocrx_word' id='word_1_262' title='bbox 1719 4452 2183 4520; x_wconf 86' lang='lat' dir='ltr'><strong>diffinitionem</strong></span> <span class='ocrx_word' id='word_1_263' title='bbox 2225 4453 2680 4534; x_wconf 84' lang='lat' dir='ltr'><strong>commisistis;</strong></span> <span class='ocrx_word' id='word_1_264' title='bbox 2724 4453 2969 4521; x_wconf 87' lang='lat' dir='ltr'><strong>litteris</strong></span> 
     </span>
    </p>
   </div>
   <div class='ocr_carea' id='block_1_5' title="bbox 918 4714 2965 4848">
    <p class='ocr_par' dir='ltr' id='par_1_7' title="bbox 918 4714 2965 4848">
     <span class='ocr_line' id='line_1_37' title="bbox 924 4714 2965 4781; baseline -0.002 -10"><span class='ocrx_word' id='word_1_265' title='bbox 924 4718 940 4753; x_wconf 86' lang='lat'>¹</span> <span class='ocrx_word' id='word_1_266' title='bbox 975 4716 1364 4778; x_wconf 67' lang='lat' dir='ltr'><strong>mansuetudine,</strong></span> <span class='ocrx_word' id='word_1_267' title='bbox 1391 4717 1452 4781; x_wconf 86' lang='lat' dir='ltr'><strong>C,</strong></span> <span class='ocrx_word' id='word_1_268' title='bbox 1480 4718 1543 4770; x_wconf 85' lang='lat' dir='ltr'><strong>G.</strong></span> <span class='ocrx_word' id='word_1_269' title='bbox 2024 4714 2045 4747; x_wconf 79' lang='lat'><strong>⁸</strong></span> <span class='ocrx_word' id='word_1_270' title='bbox 2076 4714 2457 4776; x_wconf 70' lang='lat' dir='ltr'><strong>innocentie-um,</strong></span> <span class='ocrx_word' id='word_1_271' title='bbox 2512 4716 2590 4777; x_wconf 76' lang='lat'><strong>03</strong></span> <span class='ocrx_word' id='word_1_272' title='bbox 2652 4716 2965 4777; x_wconf 66' lang='lat' dir='ltr'><strong>incentivum,</strong></span> 
     </span>
     <span class='ocr_line' id='line_1_38' title="bbox 918 4796 2027 4848; baseline -0.002 -1"><span class='ocrx_word' id='word_1_273' title='bbox 918 4796 941 4831; x_wconf 75' lang='lat'>²</span> <span class='ocrx_word' id='word_1_274' title='bbox 973 4798 1253 4848; x_wconf 68' lang='lat' dir='ltr'><strong>anxietate·</strong></span> <span class='ocrx_word' id='word_1_275' title='bbox 1271 4804 1296 4846; x_wconf 73' lang='lat' dir='ltr'><strong>r</strong></span> <span class='ocrx_word' id='word_1_276' title='bbox 1961 4796 2027 4847; x_wconf 80' lang='lat' dir='ltr'><strong>G.</strong></span> 
     </span>
    </p>
   </div>
   <div class='ocr_carea' id='block_1_6' title="bbox 3585 721 3602 1378">
    <p class='ocr_par' dir='ltr' id='par_1_8' title="bbox 3585 721 3602 1378">
     <span class='ocr_line' id='line_1_39' title="bbox 3585 721 3602 1378; baseline 0 0"><span class='ocrx_word' id='word_1_277' title='bbox 3585 721 3602 1378; x_wconf 95' lang='lat' dir='ltr'><strong> </strong></span> 
     </span>
    </p>
   </div>
  </div>
 </body>
</html>
