3634 5800
2293 21 2300 24 .
2333 0 2367 7 ’-
2387 0 2414 22 c·
2443 0 2858 36 :52:³⁷-rt--75-:31723
2878 0 3341 35 gthfssuwa-ss-

912 849 1035 909 118
1783 861 2141 909 EPISTOLAE.
2624 845 2787 929 [ΑΒ.
2824 844 3015 910 1169.

908 1045 1030 1109 sim
1093 1045 1428 1130 appellare
1494 1051 1564 1110 et
1630 1045 2111 1131 appellationes
2182 1045 2489 1130 prosequi
2552 1065 2688 1109 non
2739 1042 3014 1130 permit—

908 1153 1159 1225 tantur,
1224 1148 1282 1211 si
1345 1148 1431 1212 ad
1498 1148 1795 1233 singulas
1865 1149 2245 1213 vocationes
2321 1147 2574 1211 domini
2644 1168 2834 1232 papae
2902 1145 3012 1209 vel

912 1253 1275 1334 legatorum
1336 1250 1623 1334 episcopi
1689 1250 1797 1314 vel
1865 1250 1980 1313 alii
2050 1249 2268 1313 vocati
2337 1269 2471 1312 non
2540 1248 2875 1324 accedant,
2923 1246 3010 1310 ad

912 1351 1084 1433 quod
1117 1355 1360 1428 tamen,
1407 1372 1491 1415 ex
1522 1351 1775 1415 ordinis
1806 1352 1910 1415 sui
1957 1351 2368 1426 necessitate,
2414 1356 2744 1415 tenentur.
2838 1348 3009 1433 Sup-

908 1451 1229 1537 plicamus
1292 1452 1519 1536 itaque
1587 1452 1934 1517 sanctitati
2011 1454 2271 1527 vestrae,
2340 1457 2668 1535 quatenus
2743 1448 3011 1514 domino

908 1573 1096 1637 papae
1144 1552 1607 1636 persuadeatiS,
1654 1557 1734 1616 ut
1787 1552 1859 1615 in
1921 1552 2342 1636 dispendium
2411 1550 2864 1616 ecclesiasticae
2931 1548 3010 1612 li-

912 1653 1184 1717 bertatis
1230 1652 1484 1717 nullam
1544 1654 1864 1718 admittat
1908 1674 2154 1738 pacem,
2199 1674 2412 1738 neque
2473 1674 2596 1717 nos
2663 1650 3014 1736 compellat

908 1777 948 1817 a
991 1755 1380 1819 damnorum
1428 1755 1824 1839 repetitione
1871 1756 2201 1833 desistere,
2249 1776 2463 1840 neque
2525 1754 2756 1818 tritam
2800 1751 3011 1817 fideli-

904 1856 1064 1920 tatis
1109 1855 1413 1940 exemplo
1442 1860 1667 1919 nostro
1698 1855 1903 1938 {aciat
1947 1856 2194 1920 mutari
2226 1855 2525 1921 formam.
2619 1856 2794 1919 Nam
2834 1854 3010 1939 quod

904 1957 1102 2022 semel
1166 1956 1549 2032 obtinuerit,
1615 1958 1988 2042 praesertim
2061 1959 2459 2023 auctoritate
2522 1957 2811 2023 ecclesiae
2880 1957 3013 2020 Ro-

908 2080 1137 2135 manae,
1182 2058 1309 2122 sibi
1356 2061 1425 2123 et
1470 2058 1694 2123 liberis
1755 2061 1895 2123 suis
1927 2047 2122 2123 'volet
2189 2081 2331 2124 esse
2398 2063 2812 2145 perpetuum.
2901 2057 3013 2122 Ad

904 2165 1062 2239 haec,
1139 2161 1382 2225 latores
1458 2161 1887 2245 praesentium
1948 2161 2343 2247 magistrum
2421 2161 2857 2227 Godefridum
2943 2165 3014 2225 et

908 2264 1300 2350 magistrum
1349 2262 1787 2339 waltherum,
1833 2264 2109 2328 nuntios
2153 2264 2554 2329 venerabilis
2600 2264 2830 2329 fratris
2859 2283 3009 2326 nos-

908 2368 996 2431 tri
1039 2366 1448 2430 'trundensis
1466 2363 1489 2404 1
1535 2348 2030 2451 archiepiscopi,
2063 2387 2158 2441 ea,
2203 2366 2259 2429 si
2315 2365 2548 2450 placet,
2595 2364 3013 2449 benignitate

908 2469 1127 2532 fovete
1172 2471 1243 2531 ct
1308 2466 1601 2551 recipite,
1648 2487 1779 2552 qua
1846 2487 1968 2531 nos
2029 2471 2098 2530 et
2164 2470 2423 2530 nostros
2484 2472 2710 2531 vestra
2771 2466 3011 2531 caritas

908 2570 1192 2654 recipere
1237 2569 1601 2633 consuevit.
1694 2568 1936 2632 Valeat
1980 2588 2241 2653 semper
2293 2569 2612 2633 sanctitas
2656 2575 2897 2646 vestra,
2942 2573 3014 2632 et

908 2669 1025 2735 has
1073 2669 1317 2734 mentis
1362 2669 1706 2752 angustias
1751 2669 2020 2733 domino
2069 2666 2411 2734 Ostiensi2
2454 2674 2525 2733 et
2585 2668 2856 2734 domino
2902 2668 3008 2733 Ia-

908 2773 1123 2837 cincto
1168 2771 1652 2837 communicare
1695 2770 2026 2855 dignetur.

1726 3186 2175 3252 DLXXXIII.

976 3339 1271 3405 THOMAS
1318 3340 1886 3408 CANTUARIENSIS
1931 3359 2517 3408 ARCHIEPISCOPUS
2561 3359 2657 3406 AD
2702 3343 2932 3407 ALEX-

1652 3459 1958 3508 ANDRUM
2004 3459 2250 3510 PAPAM.

1128 3599 1223 3660 (A.
1247 3597 1345 3646 217
1376 3616 1389 3656 ;
1426 3595 1487 3646 o.
1511 3594 1563 3644 ii.
1587 3599 1721 3656 2263
1758 3596 1814 3645 z.
1838 3594 1910 3645 iii.
1936 3600 2036 3656 543
2074 3596 2207 3660 Lup.
2230 3595 2300 3645 iii.
2325 3599 2420 3656 ⁵4;
2457 3595 2636 3645 Thom.
2666 3597 2772 3657 12.)

999 3726 1434 3792 sanctissimo
1499 3726 1766 3791 domino
1837 3733 1906 3791 et
1980 3728 2157 3811 patri
2226 3726 2587 3808 carissimo·
2625 3726 3008 3792 Alexandro

912 3830 1037 3894 Dei
1112 3829 1334 3915 gratia
1408 3849 1668 3891 summo
1744 3828 2065 3912 pontifici,
2143 3827 2430 3893 Thomas
2506 3828 3008 3894 cantuariensis

912 3929 1196 3995 ccclesiae
1273 3930 1574 3993 minister
1649 3929 1938 4006 humilis,
2015 3929 2316 4008 salutem,
2380 3937 2450 3995 et
2517 3952 2777 3995 omnem
2857 3953 3006 3996 cum

912 4054 1164 4097 summa
1187 4030 1213 4069 ³
1258 4032 1608 4096 devotione
1656 4031 2114 4097 obedientiam.

576 4154 716 4218 κως
996 4135 1107 4198 Ad
1150 4133 1350 4219 pedes
1394 4133 1764 4219 majestatis
1811 4138 2050 4198 vestrae
2082 4135 2478 4220 confligiunt
2507 4135 2729 4200 miseri
2776 4136 3006 4214 nostri,

572 4222 868 4350 lsspnrssslnn
912 4236 1025 4322 qui
1086 4242 1259 4301 nutu
1307 4236 1536 4300 divino
1609 4235 1924 4299 reservati
1970 4258 2106 4300 csse
2155 4237 2531 4314 creduntur,
2577 4243 2657 4301 ut
2723 4238 3003 4302 fratrum

572 4330 732 4402 arth&
908 4360 1177 4404 suorum
1256 4337 1615 4404 crudeliter
1655 4337 2214 4423 interemptorum
2305 4338 2558 4403 cladem
2638 4339 3002 4424 deplorare

572 4418 780 4470 ehurnh.
912 4439 1193 4515 valeant,
1241 4444 1309 4503 et
1365 4438 1506 4524 jam
1575 4437 1710 4503 fere
1773 4440 2114 4523 pereuntis
2177 4438 2463 4505 ecclesiae
2525 4440 2822 4504 miserias
2891 4462 3004 4504 ex-

973 4661 989 4692 ¹
1034 4659 1342 4709 Trundensis
1360 4660 1442 4723 (of
1463 4658 1815 4722 Droutheim),
1837 4659 1909 4719 L3
2072 4659 2093 4691 2
2126 4659 2316 4709 donaiuo
2345 4660 2584 4720 Ostiensi,
2605 4676 2707 4711 om.
2731 4661 2792 4711 L.

920 4739 1295 4798 :mudena-usis,
1323 4738 1387 4788 G.
2072 4738 2093 4769 ³
2127 4755 2328 4798 namna,
2354 4741 2420 4798 A,
2445 4740 2517 4799 Z;
2553 4754 2653 4790 om.
2678 4740 2738 4789 L.
