3634 5800
537 1496 649 1545 The
672 1511 788 1545 cen-

537 1564 690 1611 sured

542 1629 779 1691 prelateS.

880 882 1009 947 386
1748 897 2110 947 EPISTOLAE.
2223 874 2232 881 ’
2593 884 2751 967 [Am.
2787 886 2960 955 1170
2983 917 2997 929 ·

876 1078 961 1142 ad
992 1080 1465 1165 correptionem
1514 1084 1583 1144 et
1632 1082 2100 1146 correctionem
2131 1088 2270 1147 tam
2307 1080 2735 1147 Eboracensis
2779 1080 2990 1146 archi-

877 1181 1164 1267 episcopi
1239 1203 1438 1267 quam
1516 1183 2047 1269 coepiscoporum
2107 1188 2503 1262 nostrorum,
2573 1188 2828 1250 certum
2892 1188 2994 1248 est

878 1289 1225 1371 conceptas
1278 1290 1347 1349 et
1410 1285 1693 1350 dictatas
1741 1307 1782 1349 a
1832 1286 2089 1371 Spiritu
2155 1284 2419 1362 Sancte,
2465 1292 2535 1351 et
2601 1308 2750 1371 quae
2817 1286 2992 1371 regis

878 1406 1201 1463 excessua
1219 1386 1241 1425 ¹
1272 1386 1670 1453 auctoritate
1702 1410 1851 1473 quae
1885 1409 2316 1453 successorem
2348 1388 2530 1453 Petri
2562 1392 2632 1453 et
2669 1387 2990 1454 vicarium

878 1487 1127 1553 Christi
1174 1488 1378 1567 decet,
1426 1488 1851 1576 redarguunt.
1943 1489 2076 1554 Sed
2122 1489 2281 1575 quia
2326 1490 2636 1554 timemus
2679 1511 2762 1554 ne
2809 1494 2993 1553 tene-

877 1610 983 1653 ras
1028 1590 1159 1653 viri
1204 1592 1637 1676 praepotentis
1681 1613 1874 1657 aures
1925 1591 2202 1656 verbum
2227 1589 2253 1629 2
2299 1591 2576 1656 mordax
2639 1589 2990 1667 exulceret,

877 1696 946 1755 et
1024 1712 1240 1777 nuper
1315 1692 1555 1756 initam
1624 1714 1852 1777 pacem
1918 1691 2260 1777 impediat,
2323 1691 2668 1757 sanctitati
2732 1696 2986 1768 vestrae,

881 1792 1233 1857 devotione
1265 1798 1411 1857 tota
1439 1794 1773 1879 prostrati,
1814 1793 2283 1880 supplicamuS,
2313 1800 2658 1879 quatenuS,
2691 1793 2988 1859 detracta

880 1894 1213 1959 mentione
1260 1916 1645 1960 excessuum
1691 1896 1884 1981 regie,
1932 1900 2001 1960 et
2065 1896 2421 1961 enormiter
2483 1896 2766 1981 praestiti
2803 1896 2988 1980 jura·-

878 1996 1104 2073 menti‚
1150 2002 1219 2061 et
1262 1997 1813 2062 consuetudinum
1876 2018 2351 2083 perversarum,
2397 2003 2466 2062 et
2535 2018 2670 2062 non
2739 2002 2986 2063 exactae

876 2099 1202 2163 cautionis
1248 2099 1319 2163 in
1364 2100 1783 2164 coronatione
1830 2101 1986 2164 novi
2041 2099 2230 2185 regie,
2265 2099 2540 2164 eandem
2587 2100 2985 2164 sententiam

878 2202 949 2264 in
1012 2199 1365 2286 praefatum
1445 2200 2006 2288 archiepiscopum
2085 2207 2155 2266 et
2241 2202 2576 2287 episcopos
2649 2202 2986 2288 infligatis,

874 2323 952 2367 eo
1021 2303 1198 2388 quod
1264 2303 1333 2365 in
1410 2304 1751 2389 provincia
1810 2310 2056 2379 nostra,
2134 2304 2325 2368 nobis
2392 2325 2510 2389 pro
2569 2303 2840 2388 justitia
2915 2308 2985 2367 et

874 2404 1181 2469 libertate
1212 2403 1501 2471 ecclesiae
1533 2404 2016 2481 exsulantibus
2047 2406 2533 2471 coronationem
2579 2404 2752 2471 hanc
2797 2426 2984 2471 exer-

872 2527 1017 2571 cere
1060 2507 1497 2592 praesumpsit,
1576 2528 1724 2571 cum
1772 2507 2078 2571 omnibus
2145 2511 2402 2572 constet
2469 2506 2645 2591 quod
2709 2506 2980 2572 ecclesia

869 2613 1099 2673 nostra
1143 2630 1261 2693 per
1305 2608 1550 2673 multos
1595 2630 1803 2673 annos
1869 2607 2223 2673 coronandi
2269 2608 2442 2693 regis
2509 2608 2982 2693 possessionem

868 2708 1222 2787 habuerit,³
1269 2716 1337 2775 et
1368 2710 1548 2796 quod
1592 2731 1670 2775 ea
1698 2732 1836 2775 non
1866 2710 2178 2775 debuerit
2222 2710 2364 2774 sine
2401 2709 2654 2795 judicio
2699 2710 2982 2795 spoliari.

868 2810 981 2876 Sic
1026 2811 1221 2889 enim,
1253 2812 1337 2876 ad
1384 2811 1662 2897 gloriam
1709 2811 1836 2876 Dei
1887 2818 1954 2877 et
2015 2811 2336 2876 honorem
2382 2810 2757 2897 apostolicae
2787 2811 2980 2877 sedis,

866 2935 1203 2998 speramus
1271 2914 1856 3000 praesumptionem
1936 2919 2194 2978 tantam
2259 2898 2448 2979 facile
2514 2918 2581 2978 et
2645 2915 2980 2979 commode

866 3036 1053 3100 posse
1116 3015 1359 3101 puniri,
1406 3020 1474 3079 et
1543 3016 1687 3101 paci
1737 3012 2028 3081 ecclesiae
2097 3013 2358 3078 nullum
2429 3036 2510 3078 ex
2572 3013 2697 3079 hoc
2763 3015 2983 3079 afferri

868 3116 1430 3200 impedimentum.
1522 3116 1984 3182 Necessarium
2034 3138 2298 3201 quoque
2345 3116 2704 3192 duximuS‚'¹
2743 3123 2824 3181 ut
2867 3116 2980 3181 do-

866 3219 1046 3282 mino
1093 3219 1231 3304 regi
1275 3218 1582 3284 scribatis
1626 3218 2002 3294 affectuose,
2049 3219 2208 3302 quia
2253 3218 2336 3281 ad
2402 3217 2526 3282 hoc
2571 3218 2644 3280 in
2707 3219 2980 3304 specula

864 3321 1072 3384 totius
1118 3320 1403 3385 ecclesiae
1466 3320 1773 3385 dominus
1842 3320 2062 3384 sedem
2130 3319 2558 3405 apostolicam
2627 3320 2977 3397 ordinavit,

864 3427 942 3485 ut
988 3421 1282 3485 omnium
1328 3421 1625 3487 fidelium
1690 3441 1920 3486 causas
1967 3421 2318 3497 examinet,
2365 3425 2434 3484 et
2467 3420 2492 3458 ⁵
2559 3442 2678 3506 pro
2745 3421 2980 3486 merito

863 3523 933 3585 in
982 3523 1418 3588 retributione
1464 3545 1680 3607 poenae
1710 3529 1832 3587 aut
1876 3523 2152 3609 praemii,
2201 3523 2595 3608 respondeat
2634 3523 2975 3590 universis

864 3625 1151 3710 Ideoque
1195 3625 1528 3689 neminem
1594 3625 1828 3702 debere
1877 3625 2132 3690 turbari
2180 3626 2254 3703 si,
2325 3647 2404 3690 ea
2473 3625 2782 3703 dictante,
2831 3626 2974 3710 qui-

862 3726 1028 3790 libet
1072 3725 1143 3788 in
1190 3727 1341 3789 sinu
1406 3725 1673 3812 colligat
1737 3747 2001 3790 causam
2045 3748 2250 3803 suam,
2296 3748 2380 3791 ne
2443 3748 2656 3791 coram
2724 3727 2975 3812 angelis

862 3833 932 3891 et
976 3827 1373 3904 hominibusi,
1422 3849 1505 3891 ex
1568 3849 1767 3892 eausa
1828 3827 2476 3912 indisciplinationis,
2522 3829 2836 3892 mittatur
2901 3829 2975 3892 in

862 3929 1079 4014 ignem
1128 3933 1473 3994 aeternum.
1566 3928 1736 4014 Regi
1798 3929 2160 4014 plurimum
2229 3928 2585 4006 detulistis,
2640 3929 2772 4007 sed,
2819 3928 2976 3994 licet

861 4032 921 4094 ei
1000 4030 1438 4116 peperceritis
1516 4030 1934 4095 dissimulare
2010 4051 2145 4094 non
2213 4030 2474 4095 audetis
2540 4051 2842 4106 excessus
2905 4035 2974 4094 et

862 4132 1140 4197 crimina
1184 4131 1616 4196 sacerdotum.
1713 4132 1822 4197 Ad
1889 4131 2052 4209 haec,
2099 4131 2256 4216 quia
2324 4153 2631 4197 veremur
2693 4153 2776 4209 ne
2813 4153 2971 4217 pax

862 4254 1085 4298 recens
1140 4255 1223 4297 ex
1288 4233 1490 4298 variis
1559 4233 1771 4298 causis
1838 4232 2144 4318 impediri
2221 4232 2443 4298 valeat
2516 4238 2637 4296 aut
2676 4231 2972 4309 turbari,

860 4335 1353 4420 suspensionem
1452 4340 1571 4400 aut
1662 4334 2408 4400 excommunicationem
2497 4334 2970 4419 episcoporum,

858 4435 1126 4513 nostro?
1155 4437 1271 4521 qui
1316 4436 1401 4502 ad
1447 4436 1574 4500 Dei
1607 4441 1675 4501 et
1706 4441 2003 4501 vestrum
2033 4435 2350 4500 honorem
2399 4435 2605 4520 (quod
2651 4435 2722 4498 in
2769 4435 2970 4500 verbo

862 4579 971 4585 ——
993 4579 1060 4584 --
1533 4576 1949 4584 ——-—.—-----—.-
1974 4576 2147 4582 -.-*—-*-
2356 4577 2486 4582 -—--
2560 4577 2717 4582 ---..—-..
2814 4579 2860 4584 —--
2890 4579 2921 4584 -ᾳ

932 4643 947 4674 ¹
984 4640 1225 4702 excelms,
1248 4639 1311 4689 0.
2023 4640 2045 4672 ⁴
2081 4638 2331 4699 duximm,
2353 4641 2422 4700 A,
2445 4638 2492 4690 Ο
2511 4660 2525 4699 ;
2560 4639 2798 4702 ducimus,
2823 4642 2883 4703 Z,
2907 4643 2966 4692 L.

925 4723 947 4754 ²
983 4737 1166 4780 verum,
1192 4721 1251 4778 Z,
1275 4720 1337 4769 L.
2025 4717 2047 4749 ⁵
2083 4725 2174 4778 est,
2198 4718 2283 4776 A;
2318 4721 2385 4777 et,
2407 4717 2466 4766 Ia.

924 4801 947 4834 ³
983 4799 1182 4860 habuit,
1206 4799 1265 4849 L.
1386 4821 1393 4828 -
2026 4795 2047 4827 ⁶
2081 4803 2372 4856 nostrorum,
2397 4795 2466 4846 A.
