3634 5800
593 894 722 943 Aa).
760 875 981 962 1170]
1456 891 1816 941 Ems'roLAE.
2131 870 2139 878 '
2574 876 2703 950 333

597 1078 760 1156 illos,
810 1079 994 1164 (quia
1038 1097 1277 1166 paucos
1321 1078 1440 1155 ibi,
1486 1098 1650 1163 quos
1693 1078 1863 1142 lator
1908 1076 2333 1163 praesentium
2362 1077 2705 1157 indicabit,

595 1180 867 1246 videbat
928 1186 1254 1246 amatores
1315 1179 1672 1257 discordiae,
1741 1184 1810 1243 et
1872 1178 2010 1244 odii
2084 1177 2504 1262 incentores)
2572 1180 2690 1257 ait,

595 1286 674 1345 ut
717 1288 856 1347 tam
917 1281 1181 1347 illorum
1226 1301 1426 1366 quam
1471 1281 1782 1358 omnium,
1829 1301 1914 1344 ne
1959 1279 2121 1364 quid
2181 1279 2339 1344 mali
2388 1279 2701 1358 dicerent,

597 1403 712 1448 ora
791 1382 1262 1468 praecluderet:
1326 1390 1359 1416 “
1386 1380 1458 1447 Si
1545 1403 1680 1467 ego,
1762 1402 1913 1446 cum
1991 1380 2551 1467 archiepiscopum
2614 1380 2701 1445 ad

597 1491 635 1520 “
684 1505 874 1550 omne
942 1483 1190 1549 bonum
1251 1488 1560 1569 paratum
1623 1483 1979 1558 inveniam,
2026 1481 2088 1546 ei
2137 1480 2429 1547 vicissim
2489 1482 2702 1547 bonus

595 1591 634 1622 ‘⁶
681 1606 815 1650 non
881 1585 1083 1664 fuer0,
1151 1590 1314 1650 tunc
1380 1605 1490 1649 ero
1559 1585 1837 1669 nequior
1904 1583 2157 1648 caeteris
2225 1582 2574 1660 omnibus,1
2637 1590 2707 1649 et

599 1693 633 1719 “
681 1685 854 1750 mala
899 1707 1048 1771 quae
1093 1685 1175 1750 de
1238 1706 1341 1750 me
1386 1685 1722 1761 dicuntur,
1770 1705 1931 1749 vera
1976 1705 2117 1750 esse
2165 1685 2469 1770 probabo.
2563 1685 2705 1750 Nec

598 1795 633 1819 “
679 1786 864 1851 aliud
939 1786 1286 1852 consilium
1380 1786 1720 1851 honestius
1795 1790 1916 1851 aut
1992 1785 2227 1852 utilius
2302 1786 2711 1863 crediderim,

561 1881 632 1923 '“
680 1908 880 1972 quam
909 1893 1005 1952 'ut
1069 1888 1290 1973 ipsum
1359 1887 1664 1952 studeam
1728 1886 2143 1973 benignitate
2211 1888 2593 1974 praecedere,
2639 1894 2709 1953 et

597 1997 634 2024 “
679 1994 818 2054 tam
865 1988 1140 2055 caritate
1187 2009 1388 2076 quam
1431 1988 1763 2054 beneficiis
1808 1989 2171 2075 superare.''

569 2151 581 2165 ,
691 2089 1072 2156 Sermonem
1119 2092 1292 2178 regis
1337 2112 1488 2158 cum
1533 2111 1790 2156 summa
1849 2090 2293 2176 gratulatione
2338 2091 2473 2156 fere
2519 2098 2711 2177 quot-

601 2198 767 2278 quot
845 2193 1122 2258 aderant
1199 2200 1612 2278 exceperunt.
1739 2192 1928 2257 Misit
2004 2213 2157 2279 ergo
2232 2192 2319 2257 ad
2386 2214 2505 2259 nos
2572 2195 2711 2278 epi-

603 2315 829 2379 scopos
860 2315 1028 2371 suOS,
1060 2295 1176 2379 qui
1221 2301 1564 2360 monerent
1610 2299 1689 2359 ut
1732 2293 2123 2380 petitionem
2167 2300 2459 2360 nostram
2493 2316 2712 2360 coram

603 2395 906 2460 omnibus
972 2395 1356 2460 faceremus.
1449 2394 1540 2459 Et
1606 2394 1662 2458 si
1708 2395 2131 2479 quorundam
2200 2417 2287 2460 ex
2348 2396 2511 2481 ipsis
2557 2417 2712 2461 con-

602 2497 750 2561 silio
817 2496 1334 2574 credidissemus,
1407 2495 1484 2559 in
1550 2495 1905 2560 arbitrium
1981 2495 2124 2580 ejus
2202 2497 2713 2562 contulissemus

606 2620 870 2684 prorsus
920 2603 989 2664 et
1057 2619 1176 2664 nos
1246 2604 1316 2663 et
1383 2602 1597 2661 totam
1641 2617 1907 2662 causam
1968 2595 2269 2664 ecclesiae.
2387 2598 2565 2662 Nam
2625 2600 2712 2663 ab

601 2701 798 2766 initio
841 2691 1052 2784 usq'ue
1117 2719 1294 2763 nunc
1355 2719 1400 2762 a
1442 2695 1673 2762 scribis
1717 2702 1787 2761 et
1848 2696 2193 2782 pharisaeis
2252 2698 2389 2763 suis
2457 2720 2716 2784 egressa

605 2807 707 2866 est
751 2785 1089 2885 iniquitaS,
1135 2804 1205 2864 et
1265 2798 1346 2864 de
1407 2797 1806 2864 auctoritate
1851 2797 2183 2863 seniorum
2246 2799 2549 2877 invaluit,
2598 2802 2711 2884 qui

606 2902 974 2969 debuerant
1047 2922 1270 2987 regere
1370 2898 1711 2986 populum.
1836 2897 1972 2965 Sed
2047 2899 2434 2969 benedictus
2509 2902 2711 2980 Deus,

603 3005 720 3091 qui
785 3023 923 3069 non
997 3002 1299 3088 permisit
1361 3006 1441 3066 ut
1511 3002 1588 3065 in
1653 3001 1999 3067 consilium
2064 3002 2330 3068 illorum
2398 3004 2716 3069 transiret
2790 3014 2799 3025 ⁸

605 3106 829 3171 anima
873 3109 1114 3181 nostra,
1163 3110 1232 3170 et
1277 3102 1566 3169 ecclesiae
1611 3102 1995 3169 libertatem
2040 3110 2161 3170 aut
2196 3105 2539 3189 justitiam
2584 3106 2714 3171 Dei

609 3226 1083 3292 exponeremus
1160 3205 1630 3290 cujuscumque
1721 3203 2010 3269 hominis
2088 3205 2439 3273 voluntati.
2568 3207 2713 3271 Illis

605 3311 831 3373 autem
929 3305 1235 3383 dimissi&
1334 3303 1566 3370 habita
1659 3304 2138 3371 deliberatione
2222 3328 2372 3373 cum
2447 3309 2718 3374 domino

613 3408 976 3475 Senonensi
1025 3413 1094 3473 et
1139 3406 1392 3473 Christi
1454 3406 1873 3492 pauperibuS,
1920 3406 2113 3472 sociis
2172 3410 2720 3496 peregrinationis

609 3516 681 3576 et
724 3508 1216 3597 proscriptionis
1260 3514 1522 3585 nostrae,
1567 3508 1641 3573 in
1687 3528 1763 3573 eo
1807 3507 2223 3575 firmavimus
2283 3512 2714 3597 propositum,

613 3618 694 3677 ut
761 3632 886 3677 nec
907 3608 934 3648 ²
997 3611 1430 3696 quaestionem
1501 3610 2079 3689 consuetudinum,
2124 3633 2247 3678 nec
2320 3613 2711 3679 damnorum

609 3734 760 3799 quae
823 3712 1110 3779 ecclesiae
1183 3718 1426 3777 nostrae
1500 3711 1840 3790 intulerat,
1910 3733 2031 3779 nec
2098 3718 2449 3800 usurpatae·
2502 3736 2723 3781 conse-

612 3815 925 3882 crationis
1002 3814 1360 3899 querelam,
1456 3834 1578 3880 nec
1655 3814 2113 3881 ecclesiasticae
2202 3816 2531 3882 libertatis
2604 3822 2724 3881 aut

608 3916 873 3983 honoris
916 3916 1126 3982 nostri
1173 3916 1614 4000 dispendium,
1651 3916 1879 4002 aliquo
1924 3916 2119 3982 modo
2166 3918 2604 3984 conferremus
2650 3920 2724 3984 in

565 4076 580 4091 ,
611 4017 960 4089 arbitrium
1006 4017 1166 4104 ejus.
1262 4018 1354 4083 Et
1397 4017 1491 4083 sic
1535 4018 1919 4084 accedentes
1940 4015 1967 4057 ³
2013 4018 2098 4084 ad
2158 4040 2382 4106 regem
2426 4026 2495 4085 et
2554 4042 2724 4099 suos,

614 4143 764 4188 cum
823 4119 1003 4186 omni
1046 4120 1434 4185 humilitate
1493 4120 1878 4206 rogavimus
1922 4142 2039 4207 per
2083 4142 2155 4187 os
2210 4122 2461 4188 domini
2508 4123 2715 4189 Seno-

617 4222 854 4300 nensis,
897 4222 1016 4307 qui
1061 4220 1246 4286 verbi
1293 4221 1504 4286 nostri
1547 4220 1813 4306 bajulus
1859 4226 2018 4300 erat,
2065 4228 2145 4287 ut
2203 4223 2393 4289 nobis
2438 4227 2723 4311 gratiam

569 4383 584 4405 ι
619 4344 807 4388 suam
823 4324 851 4361 ⁴
879 4321 1272 4399 restitueret,
1304 4343 1532 4407 pacem
1561 4328 1633 4387 et
1659 4323 2080 4388 securitatem
2109 4330 2247 4389 tam
2292 4325 2483 4391 nobis
2528 4348 2728 4412 quam

623 4424 886 4501 nostris,
933 4422 1471 4490 cantuariensem
1543 4422 1877 4489 ecclesiam
1936 4428 2007 4491 et
2072 4428 2505 4511 possessiones
2566 4430 2731 4514 ejus,

683 4698 700 4731 ¹
735 4697 970 4759 omnibus,
984 4699 1042 4760 Z,
1059 4699 1134 4760 L3
1160 4697 1542 4762 hominibus,’A,
1561 4699 1625 4752 Ο.
1786 4700 1810 4734 ⁸
1842 4700 2185 4766 accendentes,
2206 4705 2275 4755 V.

684 4778 707 4811 2
740 4794 846 4839 nee,
869 4793 970 4829 om.
993 4780 1056 4829 L.
1668 4831 1683 4846 ‚
1786 4778 1810 4812 ⁴
1836 4780 2012 4843 qratia
2031 4796 2143 4831 sua.
