3634 5800
594 923 727 970 ΑΙ).
756 909 789 970 1
802 910 835 969 1
846 907 977 990 69]
1486 924 1842 972 EPISTOLAE.
2609 913 2640 972 1
2655 911 2692 972 3

594 1115 629 1138 “
676 1128 842 1184 cum,
889 1127 1021 1169 non
1092 1105 1503 1172 minoravit.”
1596 1108 1661 1171 N
1666 1110 1922 1194 unquid
1993 1131 2110 1174 vos
2173 1107 2294 1172 soli
2341 1107 2692 1172 incastris
2725 1115 3002 1180 Metaphor

596 1209 867 1274 Domini
916 1231 1143 1296 gomor
1186 1209 1557 1296 legitimum
1604 1212 2031 1298 perdidistis?
2125 1212 2196 1277 Si
2243 1233 2501 1288 manna,
2548 1231 2697 1298 pro-

591 1313 865 1378 hibente
912 1312 1199 1377 Domino
1263 1318 1689 1392 reservatum,
1760 1336 2000 1378 munus
2078 1314 2344 1400 quidem
2413 1313 2691 1390 caeleste,
2724 1315 3034 1366 theexodus.

597 1421 665 1478 et
710 1414 900 1500 panis
946 1418 1015 1478 et
1058 1418 1289 1499 pastus
1334 1412 1686 1502 angelicus,
1732 1416 2054 1502 putrescit
2100 1419 2170 1480 et
2215 1437 2470 1480 vermes
2515 1415 2698 1492 facit,

599 1517 759 1602 quid
806 1514 1175 1602 putredinis
1222 1523 1289 1581 et
1320 1517 1644 1582 vermium
1690 1517 2036 1584 contrahet
2082 1516 2380 1604 putred0‚
2413 1519 2699 1582 Domino

2724 1181 2786 1232 of
2800 1184 2889 1232 the

2723 1263 2913 1298 manna
2935 1250 2999 1298 of

594 1618 985 1705 prohibente
1048 1623 1313 1683 servata
1376 1619 1446 1683 in
1510 1620 1933 1706 dispendium
1997 1621 2311 1697 caritatiS,
2357 1620 2429 1683 in
2486 1621 2699 1684 esurie
2747 1619 2758 1626 “

598 1727 667 1787 et
710 1722 1017 1786 nuditate
1062 1721 1397 1786 fratrum?
1489 1721 1647 1786 Non
1715 1723 1950 1807 utique
1997 1722 2172 1806 quod
2240 1721 2338 1784 illi
2403 1721 2698 1786 esuriant

600 1829 718 1890 aut
784 1823 949 1887 nudi
1015 1823 1170 1900 sint,
1222 1823 1336 1887 sed
1402 1823 1578 1908 quod
1644 1823 1810 1901 illos,
1872 1823 2002 1887 nisi
2065 1823 2304 1888 caritas
2367 1823 2442 1886 in
2509 1823 2701 1887 vobis

602 1927 746 2011 [per
768 1924 791 1962 ¹
859 1925 1173 2011 gratiam]
1250 1924 1537 2010 amplius
1614 1926 1960 2002 excitetur,
2022 1926 2202 2002 sami,
2263 1925 2562 1990 nuditati
2627 1929 2698 1990 et

601 2026 913 2116 periculis
959 2027 1267 2092 omnibus
1314 2026 1734 2113 exposuistis,

690 2131 1055 2196 Versentur
1117 2129 1259 2196 haec
1322 2133 1392 2194 et
1458 2128 1705 2194 similia
1750 2130 1823 2194 in
1867 2130 2107 2194 animis
2153 2135 2221 2194 et
2283 2135 2587 2194 terantur
2631 2132 2704 2194 in

602 2233 943 2318 colloquiis
1014 2233 1267 2308 vestris,
1316 2237 1384 2296 et
1452 2234 1680 2318 ponite
1746 2233 1944 2298 corda
2005 2238 2230 2298 vestra
2298 2255 2495 2319 super
2559 2235 2703 2299 vias

602 2345 871 2412 vestras,
919 2341 989 2399 et
1032 2355 1295 2399 causam
1342 2339 1411 2399 et
1456 2335 1699 2400 itinera
1760 2335 1985 2420 patris,
2033 2340 2102 2399 et
2147 2336 2294 2400 vias
2339 2336 2698 2402 adversan-

600 2437 812 2517 tium3
860 2442 929 2501 et
974 2435 1303 2501 attendite
1355 2438 1502 2522 quis
1548 2437 1690 2501 Deo
1738 2438 2103 2522 inspectore
2137 2443 2206 2501 et
2243 2437 2466 2521 judice
2497 2439 2706 2524 possit

604 2541 688 2605 ab
719 2540 823 2604 his
869 2540 1091 2604 exitus
1136 2539 1497 2625 provenire.
1590 2540 1699 2604 Ita
1734 2545 1959 2604 tamen
1998 2544 2076 2604 ut
2121 2561 2250 2605 non
2301 2539 2471 2604 alius
2519 2542 2664 2626 [sit]
2683 2541 2708 2580 '2

606 2641 1007 2708 consultator
1025 2640 1052 2678 ³
1095 2640 1379 2718 Ranulfi,
1412 2641 1583 2705 alius
1614 2641 1659 2706 J
1660 2663 1905 2717 amneS,
1937 2641 2110 2706 alius
2157 2641 2504 2720 Mambre&
2537 2644 2708 2708 alius

607 2743 940 2810 Achitofel
1016 2765 1481 2829 magorumque
1576 2744 1936 2822 similium;
2035 2745 2151 2809 sed
2243 2746 2707 2811 conscientiam

606 2847 882 2933 quisque
929 2845 1262 2921 discutiat,
1308 2851 1377 2910 et
1422 2845 1724 2911 consulat
1791 2846 2001 2932 legem
2069 2846 2212 2911 Dei.
2328 2846 2374 2911 J
2375 2867 2484 2911 am
2556 2867 2712 2912 sane

606 2950 854 3035 praevia
897 2950 1154 3014 ratione
1202 2948 1519 3013 illustrati
1566 2970 1684 3034 per
1727 2949 2014 3034 gratiam
2060 2948 2389 3013 reducetis
2432 2948 2518 3012 ad
2565 2950 2704 3014 ani-

608 3072 789 3116 mum
836 3051 1148 3136 quoniam
1198 3050 1644 3142 misericordia
1704 3050 2050 3135 plenitudo
2097 3051 2430 3114 virtutum
2475 3055 2594 3127 est,
2641 3056 2709 3115 et

606 3153 981 3219 recedentes
1026 3174 1067 3217 a
1114 3152 1241 3216 viis
1301 3152 1603 3237 pristinis
1664 3174 1815 3217 cum
1887 3175 1962 3217 eo
2025 3152 2284 3216 facietis
2349 3153 2710 3218 misericor-

607 3254 803 3331 diam,
849 3254 965 3339 qui
983 3254 1009 3291 ⁴·
1053 3274 1197 3319 eam
1244 3254 1388 3319 Deo
1434 3254 1842 3339 propitiante
1888 3255 2023 3319 cito
2087 3254 2480 3340 respondere
2527 3259 2709 3341 pote-

606 3358 697 3422 rit
740 3358 814 3421 in
860 3378 1062 3422 cornu
1128 3355 1363 3432 uberi,5
1409 3360 1477 3419 et
1523 3354 1891 3441 affligentes
1937 3376 2006 3419 se
2049 3362 2358 3442 potenter
2403 3356 2708 3442 affligere.

610 3459 717 3525 Sit
762 3459 1054 3545 Spiritus
1114 3456 1369 3523 consilii
1418 3458 1776 3535 vobiscum,
1823 3463 1892 3522 et
1939 3458 2186 3542 dirigat
2229 3458 2426 3523 corda
2471 3464 2711 3536 vestra,

612 3568 689 3628 ut
732 3564 806 3627 in
851 3563 1095 3627 bonum
1164 3560 1599 3625 memineritis
1664 3562 1886 3625 vestri.
1981 3561 2145 3626 Haec
2209 3563 2386 3627 enim
2433 3583 2474 3626 a
2517 3562 2710 3627 corde

612 3668 679 3729 et
723 3664 917 3729 labiis
978 3664 1158 3740 meisa,
1206 3663 1347 3727 Deo
1408 3664 1792 3748 inspectore,
1843 3668 2029 3739 teste,
2077 3667 2144 3729 et
2182 3664 2424 3747 judice,
2473 3664 2712 3729 caritas

611 3766 936 3853 expressit
982 3765 1065 3830 ad
1113 3765 1527 3831 dulcissimos
1571 3771 1642 3830 et
1686 3765 2263 3831 reverendissimos
2281 3764 2308 3803 ⁶
2353 3764 2605 3843 fratres,
2636 3774 2715 3829 ut

610 3868 771 3932 mihi
820 3868 899 3933 de
969 3873 1205 3933 caetero
1272 3887 1490 3932 coram
1556 3866 1716 3943 Dec,
1779 3888 1974 3951 quem
2045 3870 2282 3931 testem
2353 3868 2598 3931 bonum
2646 3872 2715 3930 et

604 3970 893 4056 judicem
958 3970 1212 4045 invoc0‚
1258 3968 1577 4053 imputari
1640 3989 1775 4033 non
1843 3968 2096 4045 debeat,
2145 3969 2198 4031 si
2261 3989 2362 4033 me
2424 3968 2716 4033 salubria

613 4073 1061 4138 consulentem
1108 4070 1555 4157 dedignantur
1600 4070 1846 4135 audire.

628 4222 1521 4232 --——————-—-———————-—--.-
1555 4225 1588 4229 --
1615 4226 1626 4229 -
1767 4224 1822 4229 ὑ-
1872 4224 1989 4229 --.—
2468 4226 2516 4233 ,-,

683 4298 697 4329 ¹
730 4313 825 4361 per
843 4297 1079 4359 qratiam,
1104 4296 1153 4345 G
1175 4316 1188 4353 ;
1221 4310 1321 4344 om.
1346 4297 1411 4344 al.
1775 4295 1795 4326 ⁴
1833 4295 1970 4356 quia,
1991 4294 2052 4345 L.

680 4376 701 4408 ’ἔ
736 4376 821 4433 sit,
843 4373 921 4435 113
948 4388 1053 4423 om.
1080 4374 1147 4433 V,
1175 4374 1237 4433 Ο,
1264 4374 1320 4423 Ζ.
1657 4401 1662 4417 ι
1779 4375 1800 4401 ⁵
1835 4370 1991 4433 verbi,
2015 4374 2075 4433 L,
2101 4374 2164 4424 G.

680 4454 703 4485 ³
736 4448 1000 4511 consultor,
1022 4451 1085 4503 Ο,
1784 4450 1803 4481 ⁰
1841 4453 2275 4509 reverentissimos.
2299 4454 2358 4505 Ο.

3165 1364 3194 1392 (-
