3634 5800
650 875 779 926 Aa).
826 855 1040 942 1170]
1520 875 1881 924 Eris'roLAE.
2127 945 2131 950 μ
2633 860 2762 926 209

656 1065 851 1142 ueris,
896 1065 1075 1150 quod
1119 1065 1248 1130 tibi
1296 1065 1505 1152 magis
1566 1065 1898 1130 credimus
1947 1065 2258 1150 expedire
2323 1087 2522 1152 quam
2573 1071 2758 1132 tuam

649 1169 957 1254 prosequi
1003 1153 1532 1256 appellationem.
1626 1169 1699 1233 Si
1746 1174 1972 1235 autem
2019 1169 2534 1256 appellationem
2590 1171 2758 1235 dux-

648 1271 777 1334 eris
822 1274 1365 1358 prosequendam,
1411 1295 1534 1337 nos
1600 1293 1949 1357 personam
1997 1278 2184 1336 tuam
2238 1272 2528 1337 libenter
2573 1273 2758 1338 vide-

648 1373 882 1452 bimus,
915 1381 1001 1456 et,
1048 1376 1421 1442 rationibus
1468 1377 1607 1440 tuis
1654 1375 2013 1462 diligenter
2041 1376 2294 1441 auditis
2341 1382 2411 1442 et
2451 1378 2755 1462 cognitis,

645 1497 843 1561 super
885 1477 1029 1554 hoc,
1076 1477 1439 1542 secundum
1486 1478 1663 1562 quod
1710 1477 1903 1542 nobis
1951 1476 2280 1542 Dominus
2327 1478 2754 1543 administra-

648 1578 836 1656 verit,
859 1578 1325 1664 judicabimus,
1402 1579 1595 1660 Quod
1642 1580 1701 1646 si
1745 1579 1828 1646 a¹
1864 1580 2008 1666 jam
2040 1580 2219 1646 dicto
2263 1581 2753 1668 archiepiscopo

642 1683 711 1744 et
755 1680 1057 1768 episcopo
1103 1681 1361 1748 absolvi
1408 1682 1717 1760 volueris,
1760 1682 1891 1768 ipsi
1939 1687 2025 1760 te,
2057 1685 2459 1750 auctoritate
2504 1686 2749 1763 nostra,

644 1781 1005 1861 absolvent,
1053 1785 1153 1850 ita
1197 1785 1465 1870 quidem
1521 1794 1598 1850 ut
1641 1807 1761 1872 pro
1793 1806 1871 1849 eo
1918 1786 2096 1870 quod
2143 1784 2750 1854 excommunicatus

642 1883 878 1961 fueras,
909 1885 1169 1950 nullum
1217 1887 1465 1952 ordinis
1510 1894 1631 1952 aut
1676 1886 1873 1953 officii
1920 1909 2036 1952 seu
2083 1889 2434 1976 dignitatis
2494 1893 2749 1976 pericu-

643 1984 801 2064 lum,
850 2008 1066 2073 neque
1112 1987 1405 2076 aliquam
1475 1988 1776 2053 infamiae
1824 1995 2052 2054 notam
2102 1991 2341 2056 debeas
2403 1993 2744 2060 sustinere.

644 2087 891 2153 Verum
937 2091 993 2154 si
1061 2095 1339 2178 uterque
1408 2091 1675 2156 illorum
1744 2091 1852 2156 his
1921 2093 2360 2178 exsequendis
2430 2095 2746 2162 interesse

642 2211 775 2255 non
840 2193 1103 2278 poterit,
1148 2194 1319 2259 alter
1389 2193 1591 2280 (sieut
1656 2195 1910 2259 dictum
1981 2196 2116 2278 est)
2184 2217 2262 2260 ea
2307 2196 2743 2262 nihilominus

640 2300 1055 2380 exsequatur,
1101 2301 1171 2362 et
1214 2296 1577 2362 venerabili
1642 2297 1834 2362 fratri
1901 2301 2129 2362 nostro
2194 2297 2460 2364 Thomae
2531 2300 2743 2364 archi-

642 2397 945 2484 episcopo
993 2396 1462 2464 cantuariensi
1508 2421 1592 2463 ex
1655 2403 1846 2485 parte
1892 2403 2120 2464 nostra
2183 2401 2546 2488 praecipiat,
2593 2424 2742 2470 nec—

642 2520 775 2563 non
844 2505 913 2564 et
955 2499 1028 2564 in
1072 2501 1324 2566 virtute
1390 2501 1786 2566 obedientiae
1849 2502 2174 2589 injunget,
2242 2503 2419 2588 quod
2481 2504 2742 2570 absolu-

644 2601 889 2667 tionem
959 2606 1145 2668 tuam
1212 2603 1535 2671 occultam
1614 2604 1860 2670 habeat
1923 2610 1994 2669 et
2058 2605 2328 2671 omnino
2405 2613 2743 2685 secretam,

641 2704 847 2770 donec
892 2705 1141 2791 absque
1184 2706 1475 2792 periculo
1522 2713 1639 2772 tuo
1688 2707 1912 2774 valeat
1960 2709 2310 2796 propalari.

732 2807 822 2872 Et
866 2809 1176 2893 quoniam
1194 2806 1220 2845 2
1264 2809 1542 2874 dilectus
1606 2809 1785 2874 filius
1854 2815 2077 2876 noster
2141 2813 2458 2898 magister
2501 2815 2743 2891 David,
2769 2827 2962 2876 Master

643 2912 929 2978 ecclesiae
974 2917 1109 2979 tuae
1155 2914 1525 2992 canonicus,
1572 2914 1678 2979 vir
1724 2915 1956 3001 utique
2001 2917 2357 2997 litteratus,
2404 2921 2742 3005 providus,
2767 2893 2960 3010 ἓξὲξ,

642 3018 711 3081 et
742 3016 1080 3093 diseretuS,
1127 3021 1196 3081 et
1256 3016 1383 3082 tibi
1452 3016 1657 3082 etiam
1726 3016 2166 3097 fidelissimuS,
2212 3021 2393 3107 apud
2458 3045 2577 3089 nos
2621 3046 2742 3110 pro
2769 3028 3002 3081 mended.

640 3119 907 3205 negotio
970 3124 1107 3201 tuo,
1153 3125 1289 3184 tam
1356 3123 1605 3190 secreto
1674 3141 1872 3205 quam
1943 3121 2220 3207 publice,
2268 3146 2488 3190 coram
2551 3128 2741 3193 nobis

638 3226 707 3285 et
750 3221 1067 3287 fratribus
1112 3222 1357 3287 nostris
1402 3222 1682 3289 sollicite
1728 3222 1999 3301 institit,
2049 3230 2116 3289 et
2145 3226 2286 3311 ejus
2333 3230 2742 3295 exsecutioni

640 3345 901 3389 omnem
976 3348 1175 3411 quam
1241 3326 1481 3412 potuit,
1548 3332 1617 3391 et
1692 3326 1898 3391 etiam
1969 3327 2148 3393 ultra
2217 3352 2417 3415 quam
2489 3332 2740 3411 debuit,

638 3427 934 3491 studium
980 3433 1049 3493 et
1094 3427 1509 3517 diligentiam
1556 3428 1870 3495 adhibere
1935 3432 2214 3511 curavit,
2276 3433 2738 3501 discretionem

638 3534 839 3606 tuam,
871 3551 988 3616 per
1032 3530 1391 3617 apostolica
1434 3530 1699 3617 scripta,
1731 3553 2042 3619 rogamus
2094 3535 2422 3601 attentius
2468 3542 2537 3601 et
2600 3560 2736 3604 mo-

635 3654 885 3711 nemus,
930 3638 1259 3721 quatenus
1304 3633 1585 3699 eundem
1632 3656 1750 3719 pro
1798 3636 2172 3701 reverentia
2216 3637 2394 3703 beati
2442 3638 2624 3705 Petri
2670 3647 2738 3705 et

636 3742 878 3814 nostra,
924 3740 993 3801 et
1060 3736 1338 3801 obtentu
1408 3736 1513 3800 sui
1583 3735 1809 3821 ipsius,
1858 3738 2036 3821 quod
2101 3739 2227 3803 tibi
2292 3740 2455 3805 adeo
2521 3741 2736 3806 fidelis

635 3842 704 3903 et
748 3838 1028 3903 devotus
1092 3838 1375 3915 exstitit,
1420 3836 1667 3903 habeas
1728 3840 2115 3925 propensius
2185 3843 2735 3923 commendatum,

634 3961 754 4005 nec
828 3941 1146 4006 adversus
1222 3962 1373 4005 eum
1433 3940 1659 4027 pravis
1734 3940 2113 4027 aliquorum
2201 3945 2734 4031 suggestionibus

633 4044 875 4121 credas,
924 4044 1029 4109 vel
1074 4044 1157 4109 de
1221 4043 1431 4131 ipsius
1500 4044 1573 4107 in
1617 4042 1841 4129 aliquo
1903 4044 2228 4111 fidelitate
2297 4047 2572 4127 diffidas,
2619 4049 2735 4113 sed

632 4148 775 4232 ejus
820 4147 1210 4233 obsequium
1271 4147 1371 4211 ita
1434 4168 1811 4211 remuneres
1859 4148 2037 4232 quod
2101 4148 2241 4235 ipse
2305 4150 2434 4214 tibi
2481 4156 2551 4215 et
2596 4152 2732 4215 tuis

632 4250 869 4314 debeat
914 4250 1095 4314 omni
1158 4254 1455 4335 tempore
1522 4248 1735 4313 fidelis
1799 4254 1868 4314 et
1934 4249 2214 4315 devotus
2282 4251 2618 4330 exsistere,
2663 4258 2733 4317 et

628 4373 768 4428 nos,
812 4352 883 4416 id
946 4356 1211 4438 gratum
1279 4356 1754 4438 acceptumque
1819 4358 2138 4431 tenentes,
2185 4353 2523 4421 affectioni
2593 4360 2729 4421 tuae

628 4453 1027 4539 multiplices
1072 4453 1230 4518 inde
1273 4449 1525 4541 gratias
1572 4458 1925 4519 teneamur
1969 4455 2226 4521 referre.

717 4556 970 4623 Datum
1017 4556 1405 4635 Beneventi,
1450 4556 1518 4621 ii.
1564 4557 1713 4621 idus
1764 4556 2074 4623 Februar.

1599 4686 1786 4693 -.---,
2193 4684 2395 4697 ———....,.
2419 4687 2731 4695 „——-—--—

693 4734 711 4766 ¹
748 4752 801 4797 a,
824 4750 926 4786 om.
950 4734 1018 4785 D.
1660 4733 1671 4801 Ι
1786 4734 1808 4766 ⁹
1843 4752 2006 4798 quum,
2032 4736 2096 4788 G.

805 4910 837 4943 0
866 4892 1043 4943 12478.
1302 4867 2046 4876 ψ
2419 4918 2462 4966 0
