3634 5800
563 897 617 943 a.
632 895 689 942 υ.
730 882 752 941 l
776 875 949 959 169]
1434 890 1791 940 EPISTOLAE.
2579 880 2660 939 95

554 1078 709 1162 jura
752 1079 1115 1155 decernere,
1160 1082 1230 1144 et
1296 1077 1703 1164 potentiores
1770 1097 1812 1141 a
1878 1075 2187 1141 maximis
2257 1075 2532 1162 flagitiis
2599 1081 2669 1141 et

562 1180 791 1246 multis
837 1180 1023 1246 nulla
1040 1178 1065 1217 ¹
1102 1180 1276 1268 juris
1344 1179 1740 1245 auctoritate
1816 1183 2160 1244 coercere?
2250 1177 2446 1243 Certe
2509 1198 2670 1242 vera

554 1282 825 1366 justitia
866 1286 1170 1370 potentes
1214 1285 1523 1368 potenter
1563 1281 1778 1366 punit,
1827 1285 1897 1346 et
1943 1281 2013 1344 in
2058 1280 2165 1344 his
2209 1273 2325 1365 qui
2371 1283 2671 1364 praesunt

561 1383 1026 1470 gravissimum
1072 1389 1335 1450 exercet
1372 1381 1717 1469 judicium.
1812 1381 1977 1462 Quis
2023 1403 2335 1466 unquam,
2369 1380 2668 1446 Romano

506 1541 513 1548 .
565 1485 875 1570 pontifice
920 1485 1168 1553 sciente
1213 1489 1283 1550 et
1342 1484 1635 1562 vidente,
1680 1489 1879 1550 tanta
1923 1484 2193 1550 licentia
2260 1483 2504 1550 abusus
2567 1486 2669 1548 est

566 1587 986 1654 ecclesiarum
1056 1587 1262 1662 bonis,
1306 1591 1561 1672 quanta
1624 1605 1803 1650 nuno
1865 1584 2170 1651 abutitur
2237 1606 2354 1656 rex
2421 1585 2670 1672 Anglo-

564 1695 766 1755 rum?
888 1691 1056 1758 Ecce
1113 1691 1257 1776 jam
1321 1689 1778 1775 quinquennio
1855 1689 2146 1775 possedit
2219 1689 2670 1775 episcopatum
2694 1696 2906 1748 Income
2927 1696 2990 1746 of

564 1795 864 1858 nostrum
910 1797 980 1859 et
1023 1793 1322 1858 omnium
1366 1797 1741 1858 nostrorum
1787 1791 2000 1878 bona3
2044 1791 2206 1856 item
2253 1790 2670 1857 Lincolnien-
2694 1845 2803 1881 sees
2825 1830 2927 1880 and

565 1892 749 1973 sem?
790 1893 1327 1970 Bathoniensem,
1390 1891 1958 1977 Herefordensem,
2025 1891 2354 1958 Eliensem
2423 1892 2668 1979 episco-
2693 1895 2948 1946 abbacies.

562 2001 761 2080 patus
804 1995 1062 2081 redegit
1106 1995 1179 2060 in
1226 2014 1385 2059 usus
1436 1995 1750 2080 proprios.
1847 1993 2275 2058 Lanelvensis
2295 1991 2324 2032 ⁸
2385 1993 2671 2060 ecclesiae

566 2099 1003 2184 possessiones
1048 2097 1191 2163 fere
1236 2117 1463 2162 omnes
1496 2095 1845 2162 distribuit
1891 2095 2218 2161 militibus
2249 2097 2402 2162 suis.
2494 2096 2669 2162 Ban-

566 2199 877 2286 gorensi,⁴
920 2221 1069 2285 quae
1130 2200 1273 2284 jam
1340 2199 1482 2264 fere
1546 2198 1867 2264 decennio
1891 2198 2289 2290 ‘episcopum
2355 2219 2490 2264 non
2551 2197 2670 2264 ha-

564 2300 733 2380 buit,
778 2322 914 2366 non
978 2303 1237 2388 patitur
1282 2299 1597 2366 ordinari.
1691 2299 1870 2380 Quid
1918 2301 2000 2365 de
2063 2301 2352 2367 abbatiis
2416 2301 2672 2366 dicetur

566 2423 730 2488 quas
775 2403 1082 2488 detinet?
1124 2425 1283 2469 nam
1342 2403 1612 2468 illarum
1656 2423 1976 2466 numerus
2036 2403 2326 2468 incertus
2371 2407 2488 2468 est.
2583 2401 2670 2466 Et

564 2503 689 2571 hoc
731 2505 1001 2591 quidem
1046 2528 1115 2571 se
1162 2506 1441 2571 licenter
1484 2505 1699 2571 facere
1743 2504 2068 2592 gloriatur
2112 2505 2264 2590 jure
2324 2509 2671 2570 consuetu-

564 2607 813 2684 dinum,
882 2629 1049 2693 quas
1112 2607 1385 2674 ecclesia
1460 2607 1762 2674 Romana
1825 2609 1933 2692 (ut
2000 2603 2297 2672 omnium
2372 2611 2669 2673 vestrum

566 2729 723 2794 pace
769 2708 1023 2774 dictum
1071 2709 1187 2794 sit)
1236 2707 1321 2774 ab
1384 2708 1582 2774 initio
1651 2707 1914 2794 publice
1983 2708 2304 2775 debuerat
2365 2707 2667 2775 condem-

564 2831 754 2876 nasse
801 2832 951 2878 cum
998 2811 1382 2877 auctoribus
1428 2815 1497 2875 et
1542 2811 2082 2876 observatoribus
2127 2813 2280 2890 suiS,
2326 2817 2666 2898 tamquam

566 2914 709 2980 Deo
776 2914 1095 2990 inimicas,
1170 2918 1240 2979 et
1314 2912 1676 2980 contrarias
1752 2918 2090 3000 perpetuae
2163 2915 2312 3001 legi.
2405 2914 2479 2980 Si
2555 2915 2667 2992 eis,

567 3018 771 3102 pater,
842 3016 1279 3081 voluissemus
1343 3014 1604 3080 dedisse
1668 3014 1904 3096 locum,
1975 3014 2145 3081 nihil
2208 3036 2472 3102 prorsus
2536 3017 2665 3081 dis-

566 3116 793 3202 pendii
836 3118 1027 3183 nobis
1072 3116 1489 3203 provenisset
1551 3122 1672 3181 aut
1714 3117 2002 3197 nostris3
2047 3123 2116 3181 et
2177 3116 2392 3184 adhuc
2436 3119 2494 3183 si
2563 3140 2666 3185 ce-

566 3220 718 3285 dere
763 3218 1215 3298 voluerimus,⁶
1258 3220 1343 3284 ad
1390 3240 1650 3285 omnem
1696 3218 2222 3285 familiaritatem
2268 3226 2336 3285 et
2379 3220 2665 3307 gratiam

566 3321 754 3406 regis,
801 3324 871 3385 et
930 3321 1140 3385 totius
1185 3320 1373 3407 regni
1436 3317 1852 3397 dominium}³
1919 3320 2416 3407 expeditissima
2477 3327 2664 3407 patet

563 3422 689 3486 via.
785 3422 921 3487 Sed
962 3422 1141 3487 absit
1184 3426 1265 3488 ut
1309 3421 1591 3508 propriae
1642 3420 1959 3486 utilitatis
2018 3423 2402 3489 commercio
2445 3422 2665 3509 publi·

566 3544 709 3587 cam
783 3524 1141 3609 prodamus
1218 3522 1503 3590 ecclesiae
1570 3519 1965 3600 libertatem,
2041 3524 2215 3589 sedis
2287 3525 2662 3611 apostolicae

564 3625 991 3713 privilegium
1054 3626 1503 3692 convellamus
1566 3627 1652 3691 ab
1714 3624 1980 3711 Anglia‚
2027 3633 2094 3692 et
2157 3648 2276 3713 pro
2339 3632 2666 3714 tempora-

566 3728 730 3792 lium
774 3728 1165 3815 compendio
1204 3728 1556 3794 subeamus
1601 3727 2026 3813 dispendium
2057 3734 2474 3795 aeternorum.
2563 3730 2668 3807 Et,

567 3831 725 3915 quia
766 3830 1076 3895 nolumus
1137 3830 1477 3896 ecclesiam
1538 3828 1834 3915 dejicere,
1880 3830 2312 3916 dejectionem
2375 3837 2670 3899 nostram

2693 1771 2880 1814 vacant

566 3955 683 3997 rex
730 3933 977 4018 quaerit
1018 3954 1061 3998 a
1103 3930 1340 3998 vobis.⁷
1429 3932 1605 4012 Quia
1648 3932 1862 4017 legem
1907 3932 2034 3997 Dei
2080 3934 2436 3999 transferre
2481 3934 2666 4001 nolu·
2695 3940 2920 4006 Henry’s

568 4056 730 4111 mus,
776 4039 855 4113 ut
901 4035 963 4099 ei
1021 4036 1331 4100 succedat
1390 4033 1714 4119 iniquitas
1782 4039 2240 4119 tyrannorum,
2286 4036 2526 4120 quaerit
2593 4043 2672 4101 ut

566 4158 684 4202 nos
736 4138 905 4203 citra
967 4138 1449 4213 necessitatem,
1492 4141 1735 4223 praeter
1796 4135 2183 4215 utilitatem,
2227 4144 2458 4203 contra
2517 4160 2670 4207 auc-

564 4238 924 4316 toritatem,
969 4240 1056 4304 ad
1101 4234 1301 4305 aliam
1334 4238 1675 4307 ecclesiam
1721 4238 2216 4305 transferamur.
2311 4240 2485 4321 Quia
2515 4263 2673 4307 vero

635 4468 652 4499 ¹
686 4468 874 4530 nullas,
899 4466 969 4518 V.
1620 4472 1627 4494 ‘
1733 4462 1755 4497 ⁴
1790 4466 2187 4531 Banqoremm,
2210 4462 2268 4530 Z,
2285 4468 2347 4519 L.
2419 4470 2552 4533 (The
2575 4472 2674 4523 last

631 4545 653 4577 ²
688 4544 1061 4608 lincoliensem,
1084 4544 1153 4595 Δ.
1666 4544 1882 4609 syllable
1903 4543 1949 4595 is
1973 4547 2268 4597 contracted
2289 4545 2340 4595 in
2361 4546 2446 4599 the
2468 4546 2613 4609 MS.)

630 4624 651 4656 ³
696 4622 1030 4685 Landveneis,
1054 4624 1123 4684 A,
1142 4622 1222 4685 03
1256 4621 1565 4673 Laudaven·
1731 4622 1753 4655 ⁵
1789 4622 2128 4686 voluissemus,
2153 4626 2216 4676 Ο.

568 4704 655 4762 sis,
686 4702 742 4762 Z,
776 4703 839 4752 L.
908 4703 987 4765 (It
1032 4700 1074 4751 is
1121 4702 1195 4753 St.
1240 4702 1438 4765 Amph,
1478 4709 1568 4752 not
1734 4702 1755 4734 ⁶
1787 4702 2094 4765 dominicum,
2115 4705 2184 4756 V.

570 4780 823 4840 Llandaff,
846 4780 957 4831 that
981 4780 1025 4831 is
1047 4783 1263 4840 meant.)
1735 4782 1755 4819 7
1792 4782 1946 4844 vobis,
1967 4784 2040 4846 A,
2060 4785 2130 4847 V,
2156 4786 2225 4847 Z;
2262 4787 2428 4849 nobis,-
2449 4788 2515 4841 L.

2697 4006 2960 4073 inu-ignes.
