3634 5800
532 1049 599 1104 G.
623 1051 791 1107 Bidel.

524 2421 749 2487 Against

526 2488 651 2554 king

526 2556 721 2623 Heulyo

870 844 1002 909 130
1774 866 2136 918 sms‘roLAE.
2587 856 2747 941 [Am.
2777 860 2976 927 1169.

872 1048 1191 1132 quoniam
1233 1050 1306 1114 in
1381 1051 1799 1138 depressione
1877 1055 2060 1121 illius
2129 1062 2200 1122 et
2263 1058 2571 1125 Gaufridi
2639 1060 2852 1140 Ridel,
2901 1067 2982 1127 ut

870 1171 1017 1235 spes
1063 1150 1360 1217 fidelium
1424 1162 1542 1231 est,
1610 1156 1894 1224 cessabit
1960 1164 2333 1246 tempestas
2428 1161 2686 1228 Caetera
2759 1165 2979 1249 posita

869 1256 1031 1317 sunt
1059 1253 1127 1317 in
1177 1275 1287 1319 ore
1332 1256 1741 1337 nuntiorum,
1776 1281 1958 1344 quoe,
1991 1261 2047 1324 si
2093 1261 2328 1347 placet,
2361 1264 2643 1350 benigne
2687 1264 2978 1351 recipite,

872 1357 943 1419 et
987 1376 1252 1421 causam
1300 1356 1572 1436 Christi,
1619 1381 1822 1445 quam
1871 1368 2151 1447 portant
2193 1384 2313 1450 pro
2359 1365 2649 1445 Christo,
2717 1386 2978 1453 promo-

870 1461 1042 1523 vete.
1132 1456 1374 1525 Valeat
1418 1462 1737 1527 sanctitas
1781 1468 2024 1531 vestra.

1681 1868 2172 1937 DLXXXVII.

870 2024 1167 2089 Tnomas
1198 2022 1765 2089 CANTUARIENSIS
1808 2039 2404 2089 ARCHIEPISOOPUS
2448 2022 2496 2088 J
2497 2040 2716 2089 ommi
2737 2026 2763 2074 1
2811 2041 2974 2091 CAR-

1242 2142 1491 2190 DINALI
1537 2124 1843 2191 TITULO²
1887 2124 2192 2191 JOANNIS
2242 2142 2324 2191 m·
2370 2125 2614 2192 PAULI.
2708 2119 2720 2132 '

1110 2276 1358 2339 <A.·221;
1396 2274 1459 2327 o.
1484 2274 1533 2327 ii.
1560 2281 1658 2325 230
1680 2295 1693 2335 ;
1729 2276 1783 2325 z.
1810 2276 1882 2326 iii.
1907 2280 2006 2335 58;
2041 2277 2174 2341 Lup.
2197 2274 2268 2325 iii.
2293 2280 2392 2336 5s;
2427 2276 2606 2327 rhem.
2631 2279 2738 2338 5ο.)

958 2409 1207 2475 Sancta
1251 2407 1754 2474 Cantuariensis
1800 2407 2071 2474 ecclesia
2125 2408 2242 2474 diu
2289 2414 2358 2474 et
2401 2409 2862 2476 familiaritate
2907 2414 2977 2475 et

866 2512 1239 2598 patrocinio
1285 2518 1512 2578 vestro
1556 2512 1793 2599 gavisa
1843 2515 1962 2588 est,
2014 2517 2085 2577 et
2144 2512 2363 2579 adhuc
2431 2513 2503 2576 in
2569 2535 2685 2599 spe
2731 2518 2974 2579 vestrae

865 2615 1308 2680 miserationis
1354 2618 1425 2680 et
1468 2613 1932 2679 consolationis
1977 2614 2286 2679 exsultat.
2379 2614 2577 2680 Unde
2620 2615 2708 2680 ad
2753 2615 2972 2680 sinum

866 2715 1235 2782 dulcedinis
1258 2714 1285 2755 ³
1330 2720 1573 2781 vestrae
1618 2714 1994 2779 fiducialius
2039 2716 2442 2780 transmittit
2486 2717 2759 2781 miseros
2805 2738 2977 2793 suos,

863 2820 980 2905 qui
1054 2818 1354 2884 fratrum
1420 2838 1713 2894 suorum,
1758 2838 1879 2904 pro
1951 2816 2080 2883 fide
2159 2824 2229 2883 et
2301 2819 2612 2883 libertate
2689 2818 2976 2885 ecclesias

863 2922 1439 3008 interemptorum,
1484 2921 1632 2988 neci
1702 2920 2091 3006 superstites
2159 2919 2374 2986 relicti
2423 2928 2596 2986 sunt.
2691 2921 2977 3008 Sanguis

862 3024 1411 3109 interemptorum
1479 3021 1723 3088 clamat
1785 3022 1872 3086 ad
1941 3021 2302 3086 Dominum
2370 3023 2688 3088 adversus
2754 3043 2976 3110 perse-

863 3131 1122 3192 cutores
1166 3131 1237 3190 et
1282 3146 1696 3212 oppressores
1760 3123 2084 3204 ecclesiae3
2145 3128 2218 3190 et
2261 3124 2520 3190 utinam
2566 3146 2701 3190 non
2744 3131 2976 3192 contra

861 3249 985 3306 me,
1033 3232 1101 3292 et
1146 3232 1375 3293 contra
1421 3227 1569 3291 illos
1616 3225 1733 3310 qui
1778 3247 1849 3290 se
1913 3224 2254 3290 nobiscum
2300 3225 2681 3311 opposuisse
2727 3227 2969 3293 debue-

861 3334 1035 3406 rant,
1080 3349 1202 3415 pro
1247 3327 1507 3414 legibus
1554 3326 1851 3412 paternis
1875 3325 1901 3364 ⁴¹
1943 3331 2014 3391 et
2082 3327 2275 3393 domo
2320 3327 2610 3394 Domini.
2703 3329 2973 3410 Audite,

860 3430 917 3494 si
964 3430 1198 3514 placet,
1230 3434 1300 3495 et
1344 3429 1702 3514 intelligite
1752 3449 1794 3492 a
1840 3428 2096 3492 nuntiis
2143 3428 2258 3512 qui
2289 3450 2503 3515 nuper
2545 3429 2731 3496 missi
2790 3437 2968 3510 sunt,

861 3538 1115 3617 quanta
1160 3531 1500 3596 evidentia
1544 3529 1961 3616 duplicitatis
2008 3535 2077 3594 et
2121 3530 2481 3616 pravitatis
2527 3533 2831 3598 convicta
2875 3534 2968 3600 sit

859 3633 1113 3698 duritia
1155 3632 1329 3718 regis
1374 3631 1789 3717 Anglorum}⁵
1838 3638 1906 3696 et
1970 3632 2044 3695 in
2089 3633 2334 3717 quibus
2384 3632 2630 3698 finibus
2675 3635 2964 3702 ecclesiae

854 3756 1054 3800 causa
1128 3735 1462 3800 resederit.
1553 3733 1755 3800 Nunc
1831 3734 2028 3811 enim,
2094 3739 2173 3799 ut
2248 3756 2523 3822 semper,
2594 3737 2785 3802 stetit
2847 3759 2967 3823 per

854 3858 1075 3923 regem
1120 3857 1250 3922 quo
1296 3856 1433 3922 pax
1479 3834 1699 3900 minus
1717 3833 1745 3872 ⁰
1811 3834 2296 3902 reformaretur.
2389 3837 2531 3924 Ego
2577 3839 2756 3903 enim
2802 3859 2964 3925 qua-

852 3943 1050 4003 tenus
1113 3943 1359 4023 potero,
1406 3935 1587 4002 salvo
1647 3933 1892 4002 ordine
1935 3959 2079 4002 ‘meo
2151 3942 2220 4002 et
2281 3938 2607 4004 fidelitate
2675 3939 2966 4008 ecclesiae

852 4040 1186 4118 Romanae,
1232 4038 1601 4125 diynitates
1668 4039 1725 4124 ej
1736 4060 1811 4103 us
1873 4038 2190 4104 fovendas
2257 4044 2329 4104 ct
2371 4042 2706 4127 augendas
2750 4043 2968 4109 libens

850 4141 1177 4223 admitt03
1253 4141 1371 4206 sed
1415 4161 1554 4206 non
1583 4205 1591 4212 ,
1620 4140 1967 4226 acquiesco
2042 4144 2123 4206 ut
2195 4161 2374 4207 nova
2448 4149 2519 4208 et
2593 4145 2964 4229 perniciosa

916 4369 935 4402 ι
970 4367 1323 4435 Neapolitano,
1359 4369 1431 4430 A,
1477 4368 1540 4419 O.
1623 4367 1743 4429 But,
1788 4381 1848 4416 as
2015 4367 2038 4402 ⁸
2075 4364 2378 4428 dulcedinis,
2421 4369 2491 4446 A)
2535 4367 2613 4430 03
2663 4369 2961 4435 dilectionis.

847 4462 941 4510 has
975 4461 1105 4510 been
1144 4459 1347 4525 already
1380 4457 1668 4523 explained,
1702 4457 1847 4509 John
1950 4447 2008 4508 Ζ,
2030 4445 2090 4496 1¹·

846 4550 909 4602 of
922 4549 1115 4616 Naples
1138 4562 1240 4599 was
1262 4547 1487 4598 cardinal
1503 4547 1562 4598 of
1578 4531 1653 4600 St.
1679 4548 1848 4598 Anas.
2014 4525 2038 4636 Σ
2065 4525 2316 4653 Ῑὲαωῗζῑὺ»
2340 4525 2412 4584 23
2448 4540 2549 4578 om.
2571 4527 2635 4579 1⁴·

843 4643 989 4694 mia·
2125 4601 2290 4666 nqltoe,
2311 4604 2400 4666 Ag
2431 4603 2729 4670 Axylornmt,
2753 4607 2813 4670 z,
2835 4609 2897 4661 L.

2013 4681 2036 4714 ⁸
2069 4697 2165 4745 quo
2205 4697 2316 4746 paa-
2359 4683 2542 4747 minus,
2581 4685 2652 4748 A,
2700 4687 2784 4748 03
2833 4705 2956 4754 quo-

908 4761 933 4794 ²
968 4758 1130 4821 titulo,
1152 4775 1251 4810 om.
1274 4761 1338 4810 L.
1948 4760 2106 4809 minus
2123 4775 2250 4824 pax,
2273 4759 2335 4811 L.
