3634 5800
602 890 733 941 Aa).
770 874 993 961 1173]
1282 829 1299 845 ο
1496 886 1860 936 EPISTOLAE.
2580 874 2708 935 559

601 1096 756 1160 quae
827 1080 1155 1141 venerant
1224 1074 1313 1141 ad
1354 1074 1797 1140 miserabilem
1853 1074 2204 1141 scissuram
2256 1072 2528 1159 negotia
2595 1072 2708 1135 de-

602 1177 977 1255 clinassent,
1075 1182 1147 1243 et
1243 1198 1470 1242 omnes
1547 1177 1663 1262 qui
1748 1176 2279 1254 intercesserant,
2363 1175 2712 1259 desperata

601 1279 965 1362 concordia,
1032 1278 1499 1357 discessissent,
1564 1300 1686 1365 ego
1750 1278 2022 1344 tandem
2088 1276 2350 1342 fervore
2413 1273 2712 1343 caritatis

606 1385 784 1452 ultro
858 1382 1037 1451 solus
1109 1385 1367 1463 accessi,
1428 1384 1896 1470 omnibusque.
1930 1405 2082 1450 cum
2157 1382 2396 1469 legatis
2469 1379 2711 1447 vestris

604 1487 761 1551 utili
806 1487 1295 1553 examinatione
1357 1492 1427 1551 et
1492 1486 1773 1573 provida
1835 1485 2278 1573 pertractatiS,
2347 1484 2713 1571 principem

603 1593 905 1653 nostrum
962 1587 1105 1671 jam
1149 1593 1594 1654 revertentem
1656 1587 1729 1651 in
1773 1586 2086 1674 Angliam
2137 1585 2220 1651 de
2285 1583 2430 1671 ipso
2475 1585 2714 1649 itinere

604 1690 929 1769 revocavi,
975 1690 1322 1777 ipsumque
1368 1690 1455 1754 ad
1518 1688 1767 1754 bonum
1837 1688 2036 1774 paciS,
2083 1708 2203 1774 per
2269 1686 2714 1751 ministerium

608 1811 846 1867 meum,
900 1789 1135 1856 divina
1178 1789 1557 1877 benignitas
1620 1790 1988 1855 inclinavit.
2083 1789 2167 1853 In
2230 1810 2362 1874 quo
2422 1787 2568 1853 visa
2613 1792 2715 1851 est

604 1892 909 1957 omnibus
954 1892 1359 1977 insperatum
1394 1891 1625 1956 divina
1654 1891 1920 1957 bonitas
1937 1891 1962 1929 ¹
1996 1896 2266 1977 operata
2305 1888 2722 1965 miraculum,

605 1993 781 2078 quod
826 1998 1055 2059 tantus
1084 1994 1387 2080 princeps
1430 2014 1473 2059 a
1502 1998 1692 2059 tanto
1738 1992 2214 2079 indignationis
2245 1997 2313 2057 et
2357 1992 2717 2057 iracundiae

606 2099 794 2159 motu
868 2096 956 2161 ad
1032 2116 1231 2181 opera
1304 2094 1485 2180 pacis
1563 2093 2100 2179 humilitatisque
2165 2113 2521 2159 conversus
2596 2096 2716 2169 est,

608 2217 807 2282 seque
882 2196 1123 2283 legatis
1198 2198 1457 2271 vestris,
1501 2218 1621 2281 pro
1696 2196 2070 2261 reverentia
2146 2194 2275 2260 Dei
2351 2200 2420 2259 et
2494 2195 2715 2281 gratia

607 2303 847 2375 vestra,
894 2298 1310 2364 tractabilem
1365 2297 1691 2374 exhibuit,
1738 2303 1807 2363 et
1870 2295 2189 2383 praestitit
2233 2296 2718 2382 obsequentem,

610 2398 783 2462 sicut
827 2399 909 2463 de
952 2400 1196 2465 litteris
1243 2400 1449 2485 ipsius
1496 2404 1565 2464 et
1608 2420 1836 2465 eorum
1880 2403 2102 2465 vestra
2149 2399 2556 2483 experientia
2617 2420 2716 2464 re-

610 2500 937 2585 cognovit.
1030 2500 1347 2578 Profecto,
1424 2502 1481 2565 si
1557 2501 1629 2565 in
1719 2522 1795 2566 eo
1871 2500 2048 2585 qnod
2122 2500 2219 2564 ibi
2293 2500 2540 2566 factum
2616 2506 2718 2564 est

612 2600 923 2666 honorem
1016 2602 1301 2668 ecclesiae
1393 2602 1521 2666 Dei
1596 2605 2026 2686 vestrumque
2114 2600 2305 2666 vobis
2396 2600 2720 2685 placuerit

608 2705 957 2769 aestimare
1001 2708 1399 2790 proventum
1420 2702 1446 2741 2
1511 2724 1828 2789 magnum
1891 2708 2006 2781 est,
2070 2704 2273 2768 immo
2335 2703 2716 2779 maximum,

612 2805 789 2890 quod
863 2805 1132 2883 fecistis,
1206 2806 1265 2869 si
1340 2804 1549 2870 fuerit
1614 2806 1731 2889 qui
1800 2804 2213 2870 exsecutioni
2274 2804 2586 2869 mandare
2651 2810 2720 2869 et

612 2907 875 2973 effectui
919 2909 1293 2994 mancipare
1338 2913 1655 2995 procuret
1752 2907 1945 2987 Quod
1991 2927 2148 2972 sane
2185 2907 2327 2993 jam
2395 2927 2529 2971 non
2592 2907 2720 2970 erit

615 3009 877 3074 difficile
953 3010 1417 3095 reputandum,
1485 3009 1645 3095 quia
1706 3015 2022 3094 operante
2083 3029 2202 3094 pro
2266 3007 2534 3073 ecclesia
2597 3029 2718 3072 sua

614 3111 875 3196 Spiritu
921 3112 1167 3179 Sancto
1211 3117 1421 3178 tantae
1485 3117 1646 3178 tunc
1708 3111 2076 3197 principem
2121 3110 2470 3176 sinceritas
2516 3109 2716 3175 devo-

616 3213 819 3279 tionis
863 3214 1201 3292 astrinxit,
1246 3219 1326 3278 ut
1369 3213 1555 3278 nulla
1600 3234 1749 3278 eum
1797 3212 2214 3298 poenitentia,
2270 3205 2457 3276 nulla
2507 3211 2717 3297 possit

614 3315 1033 3402 impudentia
1076 3337 1401 3382 revocare.
1494 3314 1637 3381 Nec
1682 3336 1805 3400 ego
1853 3315 1992 3381 haec
2037 3314 2122 3380 ad
2159 3315 2576 3399 jactantiam,
2606 3313 2710 3378 vel

550 3435 554 3440 ·
613 3421 691 3482 ut
721 3439 869 3482 mea
897 3417 1128 3484 videar
1171 3417 1410 3482 merita
1454 3416 1827 3503 praedicare,
1859 3436 2197 3494 recense03
2242 3415 2357 3480 sed
2386 3416 2717 3482 'desidera-

614 3519 748 3584 bile
793 3519 957 3584 mihi
1004 3526 1106 3585 est
1149 3525 1229 3586 ut
1287 3518 1583 3584 studium
1654 3539 1894 3596 meum,
1940 3522 2044 3583 tot
2110 3517 2547 3603 approbatum
2615 3518 2717 3581 in-

618 3620 827 3698 diciis,
858 3641 901 3686 a
930 3621 1247 3687 memoria
1290 3624 1517 3685 vestra
1558 3640 1695 3684 non
1735 3619 2020 3694 excidat,
2064 3618 2178 3683 sed
2224 3618 2508 3705 pristina
2551 3619 2716 3683 mihi

615 3744 873 3811 semper
914 3723 1091 3809 apud
1140 3723 1553 3809 majestatem
1580 3728 1888 3790 ‚vestram
1947 3721 2164 3807 gratia
2210 3725 2595 3807 perseveret,
2641 3727 2720 3786 ut

616 3825 691 3889 in
734 3825 1111 3890 novissimis
1157 3824 1389 3890 diebus
1441 3824 1619 3900 meis,
1667 3823 1754 3889 ad
1798 3844 1962 3909 quos
2007 3844 2113 3886 me
2181 3823 2538 3888 senectutis
2603 3843 2717 3887 ne-

616 3925 883 3992 cessitas
928 3927 1155 3992 odiosa
1198 3925 1519 4012 perducit,
1562 3924 1805 3992 fortius
1849 3923 2018 3988 mihi
2061 3944 2316 4010 semper
2359 3923 2433 3987 in
2487 3945 2720 4010 oppor-

616 4027 1023 4093 tunitatibus
1097 4048 1333 4092 manus
1406 4030 1647 4091 vestrae
1722 4024 2151 4111 protectionis
2241 4024 2525 4103 assistat,
2600 4047 2718 4090 nec

618 4127 909 4213 quietem
1000 4147 1215 4192 meam
1289 4124 1759 4192 vexationibus
1834 4125 2113 4202 concuti,
2187 4145 2308 4190 nec
2383 4124 2716 4192 ecclesiam

617 4251 829 4294 meam
875 4227 1292 4314 malignitate
1336 4227 1633 4313 qualibet
1694 4248 1815 4291 sua
1859 4226 2211 4312 patiamini
2268 4227 2541 4313 justitia
2607 4228 2718 4293 de-

618 4330 930 4407 fraudari,
975 4334 1058 4395 ut
1109 4350 1231 4414 ego
1276 4351 1421 4394 eam
1489 4328 1562 4392 in
1627 4349 1703 4393 eo
1766 4332 1950 4393 statu
2015 4348 2398 4394 conservare
2460 4329 2718 4394 valeam

618 4431 705 4497 ad
750 4451 947 4516 quem
991 4430 1221 4515 ipsam,
1253 4451 1369 4515 per
1412 4428 1653 4494 merita
1680 4437 1906 4494 vestra
1951 4427 2240 4494 Domino
2257 4426 2283 4467 3
2311 4435 2720 4514 cooperante,

617 4530 923 4618 perduxi,
965 4535 1045 4596 ut
1090 4531 1390 4611 moriens,
1438 4529 1521 4595 de
1587 4549 1878 4614 paupere
1942 4529 2238 4606 divitem,
2303 4530 2385 4595 de
2431 4531 2720 4611 obscura,

681 4693 700 4727 ¹
735 4693 950 4755 bonitas,
975 4693 1014 4745 J
1028 4711 1043 4754 ς
1066 4692 1254 4757 pietas,
1280 4693 1345 4743 G.
1782 4690 1805 4725 ⁸
1839 4690 2082 4754 Domino,
2103 4690 2144 4741 J
2156 4711 2171 4752 ς
2209 4690 2341 4754 Deo,
2365 4691 2432 4744 G.

684 4772 707 4806 ²
735 4779 1051 4838 proventum,
1074 4770 1113 4822 J
1128 4791 1143 4832 ς
1170 4771 1470 4837 profectum,
1495 4769 1559 4822 G.
1680 4771 1691 4776 ⁶
