3634 5800
637 864 770 917 ΔΑ).
806 852 1032 938 1169.]
1519 866 1874 915 EPISTOLAE.
2664 853 2749 913 83

637 1050 1172 1129 immutaveritiS,
1234 1053 1394 1118 dum
1439 1054 1555 1118 alii
1619 1053 1843 1118 nuntii
1889 1053 2101 1117 nostri
2169 1051 2385 1117 adhuc
2429 1051 2503 1114 in
2566 1050 2749 1114 curia

637 1160 862 1219 vestra
906 1161 1338 1234 morarentur,
1384 1162 1453 1221 et
1495 1160 1856 1241 antequam
1900 1154 2246 1219 novissimi
2292 1154 2494 1239 legati
2538 1154 2747 1219 vestri

635 1256 722 1320 ad
784 1278 906 1323 nos
964 1258 1439 1344 pervenissent,
1503 1258 1832 1341 Vivianus
1894 1258 2143 1324 sciJicet
2160 1255 2185 1294 ¹
2232 1261 2300 1321 et
2366 1256 2741 1332 Gratianus,
2771 1260 2987 1314 Gratim

636 1356 776 1442 ipse
822 1358 894 1422 in
938 1380 1248 1445 personas
1291 1360 1476 1447 regni
1522 1360 1752 1437 nostri,
1797 1364 1868 1425 et
1910 1360 1984 1425 in
2028 1358 2343 1443 quosdam
2386 1356 2742 1440 familiares
2766 1342 2833 1443 ξ’

573 1483 586 1491 ·
637 1464 707 1523 et
750 1462 1110 1527 servientes
1156 1466 1432 1537 nostroe,
1481 1462 1596 1546 qui
1643 1460 1921 1546 singulis
1966 1460 2199 1525 diebus
2243 1458 2435 1525 nobis
2479 1459 2741 1525 assiste-

637 1563 818 1641 bant,
849 1563 1546 1630 excommunicationis
1576 1562 1977 1629 sententiam
2008 1560 2476 1648 promulgavit.
2570 1560 2739 1627 Cum

637 1686 794 1729 vero
861 1666 1376 1751 praenominatos
1443 1664 1716 1729 nuntios
1762 1663 1988 1729 debito
2032 1684 2152 1729 nos
2214 1664 2461 1729 honore
2524 1682 2738 1729 susce-

636 1767 974 1853 pissemus,
1005 1768 1140 1853 qui,
1185 1774 1324 1833 tam
1369 1788 1488 1851 per
1529 1767 1788 1832 litteras
1822 1770 2078 1831 vestras
2124 1787 2323 1851 quam
2355 1765 2513 1831 viva
2558 1787 2737 1842 voce,

635 1870 1180 1954 protestabantur
1242 1870 1418 1955 quod
1491 1869 1578 1933 ad
1653 1868 1967 1935 honorem
2040 1874 2343 1934 nostrum
2419 1874 2487 1933 et
2550 1870 2737 1955 regni

635 1972 846 2037 nostri
889 1970 1364 2037 exaltationem
1409 1970 1763 2047 venissent,
1823 1971 2036 2056 primo
2078 1970 2222 2037 loeo
2267 1971 2348 2037 de
2394 1971 2737 2037 absolven-

637 2072 740 2138 dis
814 2074 1397 2140 excommunicatis
1470 2072 1920 2150 tractavimus,
1985 2070 2101 2159 qui
2174 2094 2310 2138 non
2375 2072 2587 2138 solum
2648 2072 2738 2137 ad

635 2182 951 2254 nostram,
995 2197 1230 2242 verum
1274 2174 1478 2240 etiam
1530 2174 1617 2239 ad
1661 2180 1955 2241 vestram
1976 2172 2003 2215 2
2046 2180 2115 2240 et
2160 2174 2513 2241 eorundem
2559 2174 2740 2260 lega-

635 2281 860 2343 torum
901 2278 1216 2364 injuriam
1260 2275 1810 2343 excommunicati
1854 2276 2273 2354 videbantur,
2304 2275 2739 2363 petitionibus

635 2378 768 2445 illis
815 2400 980 2465 quas
1024 2402 1109 2445 ex
1154 2384 1341 2465 parte
1387 2383 1612 2443 vestra
1653 2378 1847 2449 nobis
1890 2379 2362 2464 proponebant,
2410 2382 2737 2463 quantum

637 2486 1032 2565 poteramus,
1094 2481 1181 2547 ob
1246 2481 1686 2547 reverentiam
1759 2486 1831 2545 et
1903 2502 2191 2547 amorem
2266 2485 2563 2546 vestrum
2626 2480 2737 2566 pio

635 2604 903 2648 assensu
949 2583 1557 2650 condescendentes.
1631 2582 2096 2668 Proponebant
2138 2583 2465 2669 siquidem
2494 2583 2738 2648 litterae

637 2691 892 2763 vestrae,
962 2692 1288 2771 quatenus
1355 2685 1667 2771 saepefato
1687 2682 1716 2723 ⁸
1777 2683 2244 2751 cantuariensi
2310 2682 2737 2770 archiepisco-

639 2792 872 2872 patum
891 2787 918 2825 4
961 2809 1173 2865 suum,
1220 2792 1289 2853 et
1311 2786 1337 2824 ⁶
1381 2808 1610 2873 pacem
1653 2792 1723 2852 et
1765 2808 2057 2852 amorem
2090 2792 2391 2853 nostrum
2437 2787 2739 2853 reddere-

639 2912 799 2956 mus.
893 2890 1036 2956 Nos
1103 2912 1260 2956 vero
1324 2890 1692 2976 postposito
1735 2891 1917 2955 omni
1964 2889 2211 2956 honore
2272 2895 2517 2966 nostre,
2562 2911 2735 2956 com-

639 2992 975 3058 municato
1064 2991 1338 3058 consilio
1426 2991 1935 3077 Burdegalensis
2029 2996 2099 3055 et
2188 2991 2738 3077 Rothomagensis

635 3093 1288 3178 archiepiscoporum,
1318 3093 1845 3167 Cenomanensis,
1892 3092 2315 3170 Redonensis,
2346 3092 2742 3177 Bajocensis,

641 3194 1114 3272 Lexoviensis,⁶
1158 3193 1704 3273 Constantiensis,
1750 3201 1823 3260 et
1886 3195 2220 3281 Sagiensis
2265 3196 2737 3281 episcoporum,

639 3297 1096 3376 Fiscanensis,⁷
1139 3297 1502 3374 Beccensis,
1565 3295 1796 3362 Sancti
1843 3296 2330 3383 wandregisili,
2376 3296 2739 3362 Cadomen-

638 3399 744 3476 sis,
768 3396 1194 3476 Tromensis?
1216 3395 1658 3475 Ceresiensis,⁹
1686 3396 2194 3475 Rievallensis‚¹⁰
2217 3397 2740 3475 Mortuimaris‚1l

569 3539 579 3546 -
641 3499 1034 3578 Tironensis,
1093 3499 1528 3575 Beldecensis,
1592 3504 1663 3564 et
1722 3499 2135 3584 quorundam
2194 3500 2478 3564 aliorum
2538 3498 2737 3564 abba-

640 3607 804 3680 tum,
832 3623 1091 3668 necnon.
1119 3607 1189 3668 et
1220 3601 1530 3666 Gaufridi
1556 3597 2192 3680 Autisiodorensis,¹²
2220 3607 2290 3666 et
2319 3602 2737 3686 quorundam

637 3703 917 3770 aliorum
982 3704 1436 3791 religiosorum
1508 3702 1823 3779 virom,
1892 3704 2326 3770 concessimus
2401 3705 2735 3770 antedicto

643 3806 1124 3885 Cantuariensi,
1173 3806 1359 3892 (licet
1420 3805 1576 3890 ipse,
1623 3805 1798 3870 sicut
1842 3806 2033 3870 vobis
2076 3805 2467 3871 multotiens
2535 3808 2737 3893 signi-

639 3908 999 3985 ficavimus,
1031 3908 1278 3992 absque
1323 3907 1724 3973 conscientia
1765 3912 1993 3972 nostra
2038 3913 2109 3973 et
2151 3909 2485 3975 coactione
2512 3910 2738 3995 aliqua

638 4033 683 4076 a
723 4031 924 4096 regno
968 4014 1192 4074 nostro
1237 4008 1524 4090 exierit)
1570 4014 1650 4073 ut
1693 4009 1767 4073 in
1810 4009 1983 4076 bono
2030 4015 2098 4075 et
2142 4011 2215 4074 in
2272 4031 2429 4097 pace
2472 4011 2737 4090 rediret,

705 4268 724 4300 ¹
759 4267 966 4328 scilicet,
989 4267 1066 4332 A,
1083 4269 1153 4329 Z;
1189 4283 1290 4318 om.
1315 4269 1376 4317 L.
1655 4261 1662 4274 '
1803 4268 1827 4300 ⁸
1861 4269 2211 4330 Luxoviaeusis,
2231 4271 2300 4330 A,
2325 4273 2382 4322 Z.

703 4345 729 4382 ²
759 4356 1046 4398 vestrarum
1079 4346 1160 4397 for
1193 4355 1344 4397 vestr.
1380 4353 1426 4395 et
1463 4361 1637 4396 eorun-
1807 4345 1829 4384 ⁷
1863 4347 2101 4406 Fiscam’,
2126 4351 2194 4398 A.

636 4426 758 4488 dem,
781 4427 843 4478 L.
1805 4427 1829 4459 ⁸
1872 4427 2202 4488 Troanevm's,
2224 4429 2289 4480 L.

707 4508 730 4540 ³
763 4508 1050 4572 soepesacw,
1071 4507 1144 4557 A.
1771 4537 1782 4544 -
1807 4505 1829 4537 ⁹
1871 4505 2177 4568 (lercensis,
2199 4508 2261 4558 L.

709 4583 734 4616 ⁴
763 4585 1262 4652 archiepiscopatum
1298 4586 1373 4648 A,
1411 4585 1484 4645 z;
1536 4584 1639 4650 epi·
1809 4583 1850 4616 ¹⁰
1883 4583 2137 4646 Riewall’,
2161 4587 2230 4636 A.

639 4673 908 4730 scopatum,
930 4663 992 4714 L.
1607 4703 1623 4718 ,
1807 4663 1851 4696 Π
1881 4663 1955 4712 M
1951 4665 2343 4726 ortuimaremt's,
2366 4665 2427 4716 L.

709 4744 730 4776 ⁵
763 4749 828 4806 et,
851 4743 916 4805 O,
938 4744 1026 4805 A;
1061 4758 1162 4793 om.
1185 4743 1246 4806 Z,
1267 4745 1327 4795 L.
1809 4741 1850 4776 ¹²
1884 4742 2360 4804 Archisiodorenn‘s,
2384 4746 2455 4796 V.

2338 4829 2467 4890 F2

2821 1394 2974 1448 ivian-
