<?xml version="1.0" encoding="UTF-8"?>
<!DOCTYPE html PUBLIC "-//W3C//DTD XHTML 1.0 Transitional//EN"
    "http://www.w3.org/TR/xhtml1/DTD/xhtml1-transitional.dtd">
<html xmlns="http://www.w3.org/1999/xhtml" xml:lang="en" lang="en">
 <head>
  <title>
</title>
<meta http-equiv="Content-Type" content="text/html;charset=utf-8" />
  <meta name='ocr-system' content='tesseract 3.04.00' />
  <meta name='ocr-capabilities' content='ocr_page ocr_carea ocr_par ocr_line ocrx_word'/>
</head>
<body>
  <div class='ocr_page' id='page_1' title='image "./materialsforhis00herbgoog_0042.png"; bbox 0 0 3634 5800; ppageno 0'>
   <div class='ocr_carea' id='block_1_1' title="bbox 623 896 2731 979">
    <p class='ocr_par' dir='ltr' id='par_1_1' title="bbox 623 896 2731 979">
     <span class='ocr_line' id='line_1_1' title="bbox 623 896 2731 979; baseline 0.005 -24"><span class='ocrx_word' id='word_1_1' title='bbox 623 906 758 959; x_wconf 56' lang='lat' dir='ltr'>an.</span> <span class='ocrx_word' id='word_1_2' title='bbox 793 896 1014 979; x_wconf 65' lang='lat'>1169]</span> <span class='ocrx_word' id='word_1_3' title='bbox 1505 914 1863 963; x_wconf 72' lang='lat' dir='ltr'>EplsToLAE.</span> <span class='ocrx_word' id='word_1_4' title='bbox 2650 900 2731 967; x_wconf 87' lang='grc'>17</span> 
     </span>
    </p>
   </div>
   <div class='ocr_carea' id='block_1_2' title="bbox 1459 1242 1879 1311">
    <p class='ocr_par' dir='ltr' id='par_1_2' title="bbox 1459 1242 1879 1311">
     <span class='ocr_line' id='line_1_2' title="bbox 1459 1242 1879 1311; baseline 0.01 -4"><span class='ocrx_word' id='word_1_5' title='bbox 1459 1242 1879 1311; x_wconf 86' lang='lat' dir='ltr'>DXXXVII.</span> 
     </span>
    </p>
   </div>
   <div class='ocr_carea' id='block_1_3' title="bbox 670 1392 2685 1565">
    <p class='ocr_par' dir='ltr' id='par_1_3' title="bbox 670 1392 2685 1565">
     <span class='ocr_line' id='line_1_3' title="bbox 670 1392 2685 1479; baseline 0.001 -20"><span class='ocrx_word' id='word_1_6' title='bbox 670 1392 1012 1459; x_wconf 65' lang='lat' dir='ltr'>Ems&#39;rom</span> <span class='ocrx_word' id='word_1_7' title='bbox 1061 1394 1432 1460; x_wconf 73' lang='lat' dir='ltr'>Hmnnn</span> <span class='ocrx_word' id='word_1_8' title='bbox 1481 1411 1556 1459; x_wconf 74' lang='lat' dir='ltr'>IN</span> <span class='ocrx_word' id='word_1_9' title='bbox 1605 1410 1917 1460; x_wconf 64' lang='lat' dir='ltr'>ransom</span> <span class='ocrx_word' id='word_1_10' title='bbox 1962 1394 2237 1479; x_wconf 64' lang='lat' dir='ltr'>(raom</span> <span class='ocrx_word' id='word_1_11' title='bbox 2284 1396 2685 1463; x_wconf 58' lang='lat' dir='ltr'>ommam-</span> 
     </span>
     <span class='ocr_line' id='line_1_4' title="bbox 1073 1498 2283 1565; baseline 0.002 -4"><span class='ocrx_word' id='word_1_12' title='bbox 1073 1512 1266 1561; x_wconf 68' lang='lat' dir='ltr'>Eus1s</span> <span class='ocrx_word' id='word_1_13' title='bbox 1311 1514 1408 1561; x_wconf 78' lang='lat' dir='ltr'>AD</span> <span class='ocrx_word' id='word_1_14' title='bbox 1451 1498 1957 1565; x_wconf 62' lang='lat' dir='ltr'>Annxmmum</span> <span class='ocrx_word' id='word_1_15' title='bbox 2006 1510 2283 1565; x_wconf 58' lang='lat' dir='ltr'>umus*</span> 
     </span>
    </p>
   </div>
   <div class='ocr_carea' id='block_1_4' title="bbox 1437 1648 1912 1709">
    <p class='ocr_par' dir='ltr' id='par_1_4' title="bbox 1437 1648 1912 1709">
     <span class='ocr_line' id='line_1_5' title="bbox 1437 1648 1912 1709; baseline -0.002 -11"><span class='ocrx_word' id='word_1_16' title='bbox 1437 1650 1526 1709; x_wconf 90' lang='lat' dir='ltr'>(P.</span> <span class='ocrx_word' id='word_1_17' title='bbox 1549 1654 1580 1697; x_wconf 83' lang='grc'><strong>3</strong></span> <span class='ocrx_word' id='word_1_18' title='bbox 1603 1669 1618 1709; x_wconf 75' lang='lat'>3</span> <span class='ocrx_word' id='word_1_19' title='bbox 1655 1648 1813 1699; x_wconf 83' lang='lat' dir='ltr'>Herb.</span> <span class='ocrx_word' id='word_1_20' title='bbox 1836 1650 1912 1709; x_wconf 83' lang='lat'>3.)</span> 
     </span>
    </p>
   </div>
   <div class='ocr_carea' id='block_1_5' title="bbox 603 1776 3053 4300">
    <p class='ocr_par' dir='ltr' id='par_1_5' title="bbox 609 1776 2723 2147">
     <span class='ocr_line' id='line_1_6' title="bbox 705 1776 2720 1863; baseline 0.001 -23"><span class='ocrx_word' id='word_1_21' title='bbox 705 1776 1278 1841; x_wconf 84' lang='lat' dir='ltr'>Reverendissimo</span> <span class='ocrx_word' id='word_1_22' title='bbox 1375 1778 1552 1863; x_wconf 86' lang='lat' dir='ltr'>patri</span> <span class='ocrx_word' id='word_1_23' title='bbox 1629 1781 1698 1842; x_wconf 89' lang='lat' dir='ltr'>et</span> <span class='ocrx_word' id='word_1_24' title='bbox 1775 1776 2042 1841; x_wconf 87' lang='lat' dir='ltr'>domino</span> <span class='ocrx_word' id='word_1_25' title='bbox 2118 1776 2517 1853; x_wconf 83' lang='lat' dir='ltr'>Alexandm,</span> <span class='ocrx_word' id='word_1_26' title='bbox 2593 1776 2720 1843; x_wconf 88' lang='lat' dir='ltr'>Dei</span> 
     </span>
     <span class='ocr_line' id='line_1_7' title="bbox 609 1876 2723 1964; baseline 0 -21"><span class='ocrx_word' id='word_1_27' title='bbox 609 1878 830 1963; x_wconf 84' lang='lat' dir='ltr'>gratia</span> <span class='ocrx_word' id='word_1_28' title='bbox 873 1899 1131 1943; x_wconf 89' lang='lat' dir='ltr'>summo</span> <span class='ocrx_word' id='word_1_29' title='bbox 1193 1878 1511 1964; x_wconf 85' lang='lat' dir='ltr'>pontifici,</span> <span class='ocrx_word' id='word_1_30' title='bbox 1559 1876 1863 1957; x_wconf 81' lang='lat' dir='ltr'>Thomas,</span> <span class='ocrx_word' id='word_1_31' title='bbox 1912 1878 2169 1943; x_wconf 74' lang='lat' dir='ltr'>miserae</span> <span class='ocrx_word' id='word_1_32' title='bbox 2218 1877 2723 1945; x_wconf 71' lang='lat' dir='ltr'><strong>cantuariensis</strong></span> 
     </span>
     <span class='ocr_line' id='line_1_8' title="bbox 613 1977 2717 2057; baseline 0.001 -14"><span class='ocrx_word' id='word_1_33' title='bbox 613 1978 896 2045; x_wconf 81' lang='lat' dir='ltr'>eoelesiae</span> <span class='ocrx_word' id='word_1_34' title='bbox 941 1979 1245 2045; x_wconf 86' lang='lat' dir='ltr'>minister</span> <span class='ocrx_word' id='word_1_35' title='bbox 1309 1978 1585 2045; x_wconf 85' lang='lat' dir='ltr'>humilis</span> <span class='ocrx_word' id='word_1_36' title='bbox 1633 1985 1701 2046; x_wconf 89' lang='lat' dir='ltr'>et</span> <span class='ocrx_word' id='word_1_37' title='bbox 1769 1977 2165 2045; x_wconf 86' lang='lat' dir='ltr'>miserabilis</span> <span class='ocrx_word' id='word_1_38' title='bbox 2210 1978 2385 2057; x_wconf 82' lang='lat' dir='ltr'>exul,</span> <span class='ocrx_word' id='word_1_39' title='bbox 2434 1979 2717 2045; x_wconf 87' lang='lat' dir='ltr'>salutem</span> 
     </span>
     <span class='ocr_line' id='line_1_9' title="bbox 614 2081 2393 2147; baseline 0.001 -2"><span class='ocrx_word' id='word_1_40' title='bbox 614 2085 683 2145; x_wconf 86' lang='lat' dir='ltr'>et</span> <span class='ocrx_word' id='word_1_41' title='bbox 729 2102 986 2146; x_wconf 90' lang='lat' dir='ltr'>omnem</span> <span class='ocrx_word' id='word_1_42' title='bbox 1033 2103 1180 2147; x_wconf 85' lang='lat' dir='ltr'>cum</span> <span class='ocrx_word' id='word_1_43' title='bbox 1226 2103 1486 2147; x_wconf 87' lang='lat' dir='ltr'>summa</span> <span class='ocrx_word' id='word_1_44' title='bbox 1531 2081 1883 2147; x_wconf 86' lang='lat' dir='ltr'>devotione</span> <span class='ocrx_word' id='word_1_45' title='bbox 1930 2082 2393 2147; x_wconf 72' lang='lat' dir='ltr'>obedientiam.</span> 
     </span>
    </p>

    <p class='ocr_par' dir='ltr' id='par_1_6' title="bbox 603 2180 3053 4098">
     <span class='ocr_line' id='line_1_10' title="bbox 703 2180 2719 2270; baseline 0.001 -23"><span class='ocrx_word' id='word_1_46' title='bbox 703 2182 872 2247; x_wconf 84' lang='lat' dir='ltr'>Cum</span> <span class='ocrx_word' id='word_1_47' title='bbox 919 2205 1038 2269; x_wconf 86' lang='lat' dir='ltr'>ego</span> <span class='ocrx_word' id='word_1_48' title='bbox 1080 2204 1333 2269; x_wconf 81' lang='lat' dir='ltr'>pauper</span> <span class='ocrx_word' id='word_1_49' title='bbox 1378 2186 1448 2248; x_wconf 89' lang='lat' dir='ltr'>et</span> <span class='ocrx_word' id='word_1_50' title='bbox 1491 2182 1718 2247; x_wconf 88' lang='lat' dir='ltr'>dolens</span> <span class='ocrx_word' id='word_1_51' title='bbox 1767 2189 1975 2247; x_wconf 71' lang='lat' dir='ltr'>tantae</span> <span class='ocrx_word' id='word_1_52' title='bbox 2004 2184 2372 2270; x_wconf 83' lang='lat' dir='ltr'>majestatis</span> <span class='ocrx_word' id='word_1_53' title='bbox 2417 2184 2665 2270; x_wconf 84' lang='lat' dir='ltr'>regiam</span> <span class='ocrx_word' id='word_1_54' title='bbox 2684 2180 2719 2229; x_wconf 71' lang='lat'>¹²</span> 
     </span>
     <span class='ocr_line' id='line_1_11' title="bbox 611 2283 2719 2373; baseline 0.002 -26"><span class='ocrx_word' id='word_1_55' title='bbox 611 2283 1006 2350; x_wconf 78' lang='lat' dir='ltr'>elamoribus</span> <span class='ocrx_word' id='word_1_56' title='bbox 1051 2285 1342 2371; x_wconf 74' lang='lat' dir='ltr'>querulis</span> <span class='ocrx_word' id='word_1_57' title='bbox 1403 2286 1490 2350; x_wconf 87' lang='lat' dir='ltr'>ad</span> <span class='ocrx_word' id='word_1_58' title='bbox 1536 2286 1759 2350; x_wconf 87' lang='lat' dir='ltr'>omnia</span> <span class='ocrx_word' id='word_1_59' title='bbox 1804 2290 1875 2349; x_wconf 86' lang='lat' dir='ltr'>et</span> <span class='ocrx_word' id='word_1_60' title='bbox 1938 2306 2108 2370; x_wconf 81' lang='lat' dir='ltr'>saepe</span> <span class='ocrx_word' id='word_1_61' title='bbox 2182 2286 2488 2373; x_wconf 81' lang='lat' dir='ltr'>urgentia</span> <span class='ocrx_word' id='word_1_62' title='bbox 2550 2306 2719 2373; x_wconf 70' lang='lat' dir='ltr'>pree-</span> 
     </span>
     <span class='ocr_line' id='line_1_12' title="bbox 611 2386 2717 2473; baseline 0 -23"><span class='ocrx_word' id='word_1_63' title='bbox 611 2388 816 2451; x_wconf 81' lang='lat' dir='ltr'>sentis</span> <span class='ocrx_word' id='word_1_64' title='bbox 861 2388 1092 2473; x_wconf 82' lang='lat' dir='ltr'>agonis</span> <span class='ocrx_word' id='word_1_65' title='bbox 1137 2387 1265 2452; x_wconf 89' lang='lat' dir='ltr'>mei</span> <span class='ocrx_word' id='word_1_66' title='bbox 1330 2387 1624 2473; x_wconf 78' lang='lat' dir='ltr'>pericula</span> <span class='ocrx_word' id='word_1_67' title='bbox 1667 2387 1893 2453; x_wconf 82' lang='lat' dir='ltr'>crebro</span> <span class='ocrx_word' id='word_1_68' title='bbox 1957 2386 2155 2451; x_wconf 85' lang='lat' dir='ltr'>nimis</span> <span class='ocrx_word' id='word_1_69' title='bbox 2202 2392 2271 2451; x_wconf 88' lang='lat' dir='ltr'>et</span> <span class='ocrx_word' id='word_1_70' title='bbox 2340 2386 2717 2473; x_wconf 77' lang='lat' dir='ltr'>importune</span> 
     </span>
     <span class='ocr_line' id='line_1_13' title="bbox 610 2487 2713 2576; baseline 0.001 -25"><span class='ocrx_word' id='word_1_71' title='bbox 610 2487 1033 2572; x_wconf 76' lang='lat' dir='ltr'>pulsaverim,</span> <span class='ocrx_word' id='word_1_72' title='bbox 1079 2509 1274 2565; x_wconf 80' lang='lat' dir='ltr'>nune,</span> <span class='ocrx_word' id='word_1_73' title='bbox 1305 2511 1382 2553; x_wconf 89' lang='lat' dir='ltr'>eo</span> <span class='ocrx_word' id='word_1_74' title='bbox 1429 2490 1792 2553; x_wconf 81' lang='lat' dir='ltr'>instantius</span> <span class='ocrx_word' id='word_1_75' title='bbox 1839 2511 1970 2574; x_wconf 93' lang='lat' dir='ltr'>quo</span> <span class='ocrx_word' id='word_1_76' title='bbox 2016 2511 2251 2575; x_wconf 84' lang='lat' dir='ltr'>urgeor</span> <span class='ocrx_word' id='word_1_77' title='bbox 2295 2490 2581 2576; x_wconf 82' lang='lat' dir='ltr'>gravius,</span> <span class='ocrx_word' id='word_1_78' title='bbox 2626 2489 2713 2553; x_wconf 86' lang='lat' dir='ltr'>ad</span> 
     </span>
     <span class='ocr_line' id='line_1_14' title="bbox 611 2590 2711 2677; baseline 0.001 -25"><span class='ocrx_word' id='word_1_79' title='bbox 611 2590 880 2655; x_wconf 88' lang='lat' dir='ltr'>solitum</span> <span class='ocrx_word' id='word_1_80' title='bbox 971 2590 1355 2677; x_wconf 75' lang='lat' dir='ltr'>praesidium</span> <span class='ocrx_word' id='word_1_81' title='bbox 1433 2592 1847 2657; x_wconf 80' lang='lat' dir='ltr'>recurrimus,</span> <span class='ocrx_word' id='word_1_82' title='bbox 1970 2590 2171 2656; x_wconf 87' lang='lat' dir='ltr'>Pulsa</span> <span class='ocrx_word' id='word_1_83' title='bbox 2246 2592 2453 2677; x_wconf 82' lang='lat' dir='ltr'>igitur</span> <span class='ocrx_word' id='word_1_84' title='bbox 2528 2612 2711 2656; x_wconf 79' lang='lat' dir='ltr'>vei-e-</span> 
     </span>
     <span class='ocr_line' id='line_1_15' title="bbox 609 2692 2713 2781; baseline 0.001 -27"><span class='ocrx_word' id='word_1_85' title='bbox 609 2692 866 2769; x_wconf 81' lang='lat' dir='ltr'>cundia,</span> <span class='ocrx_word' id='word_1_86' title='bbox 943 2697 1013 2757; x_wconf 89' lang='lat' dir='ltr'>et</span> <span class='ocrx_word' id='word_1_87' title='bbox 1105 2692 1586 2777; x_wconf 87' lang='lat' dir='ltr'>quodammodo</span> <span class='ocrx_word' id='word_1_88' title='bbox 1685 2694 2101 2777; x_wconf 75' lang='lat' dir='ltr'>majestatem</span> <span class='ocrx_word' id='word_1_89' title='bbox 2177 2714 2311 2757; x_wconf 90' lang='lat' dir='ltr'>non</span> <span class='ocrx_word' id='word_1_90' title='bbox 2412 2712 2713 2781; x_wconf 85' lang='lat' dir='ltr'>pensans,</span> 
     </span>
     <span class='ocr_line' id='line_1_16' title="bbox 609 2794 2713 2881; baseline 0.001 -24"><span class='ocrx_word' id='word_1_91' title='bbox 609 2794 860 2859; x_wconf 88' lang='lat' dir='ltr'>nudum</span> <span class='ocrx_word' id='word_1_92' title='bbox 908 2801 978 2857; x_wconf 82' lang='lat' dir='ltr'>et</span> <span class='ocrx_word' id='word_1_93' title='bbox 1023 2794 1204 2858; x_wconf 90' lang='lat' dir='ltr'>omni</span> <span class='ocrx_word' id='word_1_94' title='bbox 1250 2817 1372 2880; x_wconf 83' lang='lat' dir='ltr'>ope</span> <span class='ocrx_word' id='word_1_95' title='bbox 1419 2795 1820 2861; x_wconf 84' lang='lat' dir='ltr'>destitutum</span> <span class='ocrx_word' id='word_1_96' title='bbox 1866 2795 2160 2861; x_wconf 88' lang='lat' dir='ltr'>humana</span> <span class='ocrx_word' id='word_1_97' title='bbox 2205 2802 2413 2861; x_wconf 81' lang='lat' dir='ltr'>tantae</span> <span class='ocrx_word' id='word_1_98' title='bbox 2474 2796 2713 2881; x_wconf 84' lang='lat' dir='ltr'>majes-</span> 
     </span>
     <span class='ocr_line' id='line_1_17' title="bbox 609 2894 2713 2984; baseline 0 -24"><span class='ocrx_word' id='word_1_99' title='bbox 609 2894 770 2960; x_wconf 83' lang='lat' dir='ltr'>tatis</span> <span class='ocrx_word' id='word_1_100' title='bbox 815 2918 920 2960; x_wconf 86' lang='lat' dir='ltr'>me</span> <span class='ocrx_word' id='word_1_101' title='bbox 965 2895 1171 2961; x_wconf 85' lang='lat' dir='ltr'>oculis</span> <span class='ocrx_word' id='word_1_102' title='bbox 1218 2896 1488 2982; x_wconf 83' lang='lat' dir='ltr'>inger03</span> <span class='ocrx_word' id='word_1_103' title='bbox 1551 2897 1666 2984; x_wconf 91' lang='lat' dir='ltr'>qui</span> <span class='ocrx_word' id='word_1_104' title='bbox 1713 2897 1939 2984; x_wconf 82' lang='lat' dir='ltr'>potius</span> <span class='ocrx_word' id='word_1_105' title='bbox 1986 2897 2058 2962; x_wconf 90' lang='lat' dir='ltr'>in</span> <span class='ocrx_word' id='word_1_106' title='bbox 2104 2895 2227 2962; x_wconf 81' lang='lat' dir='ltr'>hoo</span> <span class='ocrx_word' id='word_1_107' title='bbox 2292 2917 2581 2983; x_wconf 82' lang='lat' dir='ltr'>paupere</span> <span class='ocrx_word' id='word_1_108' title='bbox 2643 2902 2713 2961; x_wconf 88' lang='lat' dir='ltr'>et</span> 
     </span>
     <span class='ocr_line' id='line_1_18' title="bbox 611 2992 2713 3080; baseline 0 -24"><span class='ocrx_word' id='word_1_109' title='bbox 611 2994 796 3057; x_wconf 86' lang='lat' dir='ltr'>tenui</span> <span class='ocrx_word' id='word_1_110' title='bbox 861 2993 1335 3058; x_wconf 69' lang='lat' dir='ltr'>membranulae</span> <span class='ocrx_word' id='word_1_111' title='bbox 1383 2993 1734 3072; x_wconf 85' lang='lat' dir='ltr'>schemate,</span> <span class='ocrx_word' id='word_1_112' title='bbox 1779 2999 2111 3080; x_wconf 74' lang='lat' dir='ltr'>quotquot</span> <span class='ocrx_word' id='word_1_113' title='bbox 2155 3015 2381 3058; x_wconf 85' lang='lat' dir='ltr'>sumus</span> <span class='ocrx_word' id='word_1_114' title='bbox 2430 2992 2671 3058; x_wconf 88' lang='lat' dir='ltr'>doloris</span> <span class='ocrx_word' id='word_1_115' title='bbox 2688 2992 2713 3030; x_wconf 86' lang='lat'>¹</span> 
     </span>
     <span class='ocr_line' id='line_1_19' title="bbox 609 3094 2714 3184; baseline -0.001 -24"><span class='ocrx_word' id='word_1_116' title='bbox 609 3101 678 3160; x_wconf 86' lang='lat' dir='ltr'>et</span> <span class='ocrx_word' id='word_1_117' title='bbox 721 3095 1136 3184; x_wconf 81' lang='lat' dir='ltr'>migrationis</span> <span class='ocrx_word' id='word_1_118' title='bbox 1183 3094 1324 3172; x_wconf 85' lang='lat' dir='ltr'>filii,</span> <span class='ocrx_word' id='word_1_119' title='bbox 1371 3097 1642 3182; x_wconf 86' lang='lat' dir='ltr'>pietatis</span> <span class='ocrx_word' id='word_1_120' title='bbox 1692 3102 1901 3162; x_wconf 72' lang='lat' dir='ltr'>tantae</span> <span class='ocrx_word' id='word_1_121' title='bbox 1950 3096 2229 3183; x_wconf 87' lang='lat' dir='ltr'>pedibus</span> <span class='ocrx_word' id='word_1_122' title='bbox 2274 3094 2714 3174; x_wconf 84' lang='lat' dir='ltr'>advolvimur,</span> 
     </span>
     <span class='ocr_line' id='line_1_20' title="bbox 607 3196 2714 3284; baseline 0 -22"><span class='ocrx_word' id='word_1_123' title='bbox 607 3198 854 3284; x_wconf 83' lang='lat' dir='ltr'>regiam</span> <span class='ocrx_word' id='word_1_124' title='bbox 901 3196 1086 3262; x_wconf 88' lang='lat' dir='ltr'>illam</span> <span class='ocrx_word' id='word_1_125' title='bbox 1131 3197 1547 3263; x_wconf 82' lang='lat' dir='ltr'>clementiam</span> <span class='ocrx_word' id='word_1_126' title='bbox 1595 3199 1881 3284; x_wconf 85' lang='lat' dir='ltr'>quadam</span> <span class='ocrx_word' id='word_1_127' title='bbox 1950 3197 2389 3284; x_wconf 83' lang='lat' dir='ltr'>lacrymarum</span> <span class='ocrx_word' id='word_1_128' title='bbox 2458 3203 2714 3264; x_wconf 83' lang='lat' dir='ltr'>nostra-</span> 
     </span>
     <span class='ocr_line' id='line_1_21' title="bbox 609 3299 2715 3386; baseline 0.001 -24"><span class='ocrx_word' id='word_1_129' title='bbox 609 3321 753 3363; x_wconf 82' lang='lat' dir='ltr'>rum</span> <span class='ocrx_word' id='word_1_130' title='bbox 825 3299 1120 3377; x_wconf 85' lang='lat' dir='ltr'>dextera,</span> <span class='ocrx_word' id='word_1_131' title='bbox 1189 3305 1260 3363; x_wconf 88' lang='lat' dir='ltr'>et</span> <span class='ocrx_word' id='word_1_132' title='bbox 1323 3299 1642 3365; x_wconf 86' lang='lat' dir='ltr'>diuturna</span> <span class='ocrx_word' id='word_1_133' title='bbox 1701 3302 1845 3386; x_wconf 88' lang='lat' dir='ltr'>jam</span> <span class='ocrx_word' id='word_1_134' title='bbox 1912 3301 2074 3365; x_wconf 84' lang='lat' dir='ltr'>vitae</span> <span class='ocrx_word' id='word_1_135' title='bbox 2143 3305 2387 3366; x_wconf 79' lang='lat' dir='ltr'>nostrae</span> <span class='ocrx_word' id='word_1_136' title='bbox 2450 3299 2715 3364; x_wconf 88' lang='lat' dir='ltr'>miseria</span> 
     </span>
     <span class='ocr_line' id='line_1_22' title="bbox 605 3399 2711 3488; baseline -0.001 -21"><span class='ocrx_word' id='word_1_137' title='bbox 605 3401 962 3488; x_wconf 83' lang='lat' dir='ltr'>pulsantes,</span> <span class='ocrx_word' id='word_1_138' title='bbox 1027 3407 1106 3465; x_wconf 90' lang='lat' dir='ltr'>ut</span> <span class='ocrx_word' id='word_1_139' title='bbox 1169 3402 1636 3468; x_wconf 77' lang='lat' dir='ltr'>misericordiae</span> <span class='ocrx_word' id='word_1_140' title='bbox 1700 3409 1941 3468; x_wconf 82' lang='lat' dir='ltr'>vestrae</span> <span class='ocrx_word' id='word_1_141' title='bbox 1996 3403 2242 3488; x_wconf 87' lang='lat' dir='ltr'>januas</span> <span class='ocrx_word' id='word_1_142' title='bbox 2316 3399 2711 3466; x_wconf 84' lang='lat' dir='ltr'>miserabilis</span> 
     </span>
     <span class='ocr_line' id='line_1_23' title="bbox 605 3501 3053 3591; baseline 0.001 -23"><span class='ocrx_word' id='word_1_143' title='bbox 605 3503 1017 3591; x_wconf 80' lang='lat' dir='ltr'>ingrediatur</span> <span class='ocrx_word' id='word_1_144' title='bbox 1080 3504 1290 3570; x_wconf 85' lang='lat' dir='ltr'>oratio</span> <span class='ocrx_word' id='word_1_145' title='bbox 1361 3509 1624 3570; x_wconf 86' lang='lat' dir='ltr'>nostra:</span> <span class='ocrx_word' id='word_1_146' title='bbox 1691 3524 1871 3570; x_wconf 83' lang='lat' dir='ltr'>nuno</span> <span class='ocrx_word' id='word_1_147' title='bbox 1938 3504 2304 3590; x_wconf 86' lang='lat' dir='ltr'>praesertim</span> <span class='ocrx_word' id='word_1_148' title='bbox 2352 3523 2503 3568; x_wconf 85' lang='lat' dir='ltr'>cum</span> <span class='ocrx_word' id='word_1_149' title='bbox 2548 3501 2707 3568; x_wconf 90' lang='lat' dir='ltr'>allo·</span> <span class='ocrx_word' id='word_1_150' title='bbox 2736 3503 3053 3582; x_wconf 64' lang='lat' dir='ltr'>complaint-</span> 
     </span>
     <span class='ocr_line' id='line_1_24' title="bbox 604 3571 3049 3702; baseline -0.001 -32"><span class='ocrx_word' id='word_1_151' title='bbox 604 3606 848 3693; x_wconf 82' lang='lat' dir='ltr'>phylus</span> <span class='ocrx_word' id='word_1_152' title='bbox 902 3604 1031 3683; x_wconf 90' lang='lat' dir='ltr'>ille,</span> <span class='ocrx_word' id='word_1_153' title='bbox 1078 3627 1256 3671; x_wconf 87' lang='lat' dir='ltr'>nune</span> <span class='ocrx_word' id='word_1_154' title='bbox 1301 3605 1567 3670; x_wconf 88' lang='lat' dir='ltr'>demum</span> <span class='ocrx_word' id='word_1_155' title='bbox 1636 3606 1985 3683; x_wconf 85' lang='lat' dir='ltr'>revelatus,</span> <span class='ocrx_word' id='word_1_156' title='bbox 2031 3607 2319 3691; x_wconf 84' lang='lat' dir='ltr'>corporis</span> <span class='ocrx_word' id='word_1_157' title='bbox 2364 3605 2469 3669; x_wconf 90' lang='lat' dir='ltr'>sui</span> <span class='ocrx_word' id='word_1_158' title='bbox 2539 3604 2707 3669; x_wconf 88' lang='lat' dir='ltr'>mole</span> <span class='ocrx_word' id='word_1_159' title='bbox 2730 3571 3049 3702; x_wconf 51' lang='lat' dir='ltr'>{ffissffgfhe</span> 
     </span>
     <span class='ocr_line' id='line_1_25' title="bbox 603 3703 2964 3794; baseline -0.001 -21"><span class='ocrx_word' id='word_1_160' title='bbox 603 3707 1007 3794; x_wconf 85' lang='lat' dir='ltr'>parvitatem</span> <span class='ocrx_word' id='word_1_161' title='bbox 1075 3727 1291 3772; x_wconf 87' lang='lat' dir='ltr'>meam</span> <span class='ocrx_word' id='word_1_162' title='bbox 1361 3707 1728 3792; x_wconf 85' lang='lat' dir='ltr'>despiciens</span> <span class='ocrx_word' id='word_1_163' title='bbox 1775 3707 2163 3772; x_wconf 86' lang='lat' dir='ltr'>universum</span> <span class='ocrx_word' id='word_1_164' title='bbox 2215 3705 2526 3772; x_wconf 87' lang='lat' dir='ltr'>Israelem</span> <span class='ocrx_word' id='word_1_165' title='bbox 2571 3705 2707 3771; x_wconf 88' lang='lat' dir='ltr'>sin-</span> <span class='ocrx_word' id='word_1_166' title='bbox 2733 3703 2964 3754; x_wconf 82' lang='lat' dir='ltr'>London.</span> 
     </span>
     <span class='ocr_line' id='line_1_26' title="bbox 603 3807 2707 3896; baseline -0.002 -21"><span class='ocrx_word' id='word_1_167' title='bbox 603 3810 819 3896; x_wconf 84' lang='lat' dir='ltr'>gulari</span> <span class='ocrx_word' id='word_1_168' title='bbox 863 3809 1220 3875; x_wconf 82' lang='lat' dir='ltr'>certamine</span> <span class='ocrx_word' id='word_1_169' title='bbox 1267 3813 1598 3894; x_wconf 81' lang='lat' dir='ltr'>provocet,</span> <span class='ocrx_word' id='word_1_170' title='bbox 1645 3814 1723 3873; x_wconf 88' lang='lat' dir='ltr'>ut</span> <span class='ocrx_word' id='word_1_171' title='bbox 1767 3809 1865 3874; x_wconf 88' lang='lat' dir='ltr'>ita</span> <span class='ocrx_word' id='word_1_172' title='bbox 1926 3809 2000 3872; x_wconf 93' lang='lat' dir='ltr'>in</span> <span class='ocrx_word' id='word_1_173' title='bbox 2044 3831 2112 3874; x_wconf 88' lang='lat' dir='ltr'>se</span> <span class='ocrx_word' id='word_1_174' title='bbox 2158 3829 2483 3874; x_wconf 87' lang='lat' dir='ltr'>summam</span> <span class='ocrx_word' id='word_1_175' title='bbox 2547 3807 2707 3872; x_wconf 82' lang='lat' dir='ltr'>belli</span> 
     </span>
     <span class='ocr_line' id='line_1_27' title="bbox 605 3895 2705 3996; baseline -0.003 -19"><span class='ocrx_word' id='word_1_176' title='bbox 605 3919 674 3977; x_wconf 91' lang='lat' dir='ltr'>et</span> <span class='ocrx_word' id='word_1_177' title='bbox 746 3913 958 3978; x_wconf 86' lang='lat' dir='ltr'>totius</span> <span class='ocrx_word' id='word_1_178' title='bbox 1034 3910 1246 3996; x_wconf 79' lang='lat' dir='ltr'>praelii</span> <span class='ocrx_word' id='word_1_179' title='bbox 1323 3910 1584 3994; x_wconf 89' lang='lat' dir='ltr'>pondus</span> <span class='ocrx_word' id='word_1_180' title='bbox 1659 3909 1996 3994; x_wconf 80' lang='lat' dir='ltr'>excipiens</span> <span class='ocrx_word' id='word_1_181' title='bbox 2072 3907 2418 3975; x_wconf 83' lang='lat' dir='ltr'>Philistaea</span> <span class='ocrx_word' id='word_1_182' title='bbox 2486 3895 2705 3974; x_wconf 59' lang='lat' dir='ltr'>&lt;imnis</span> 
     </span>
     <span class='ocr_line' id='line_1_28' title="bbox 603 4008 2707 4098; baseline -0.001 -22"><span class='ocrx_word' id='word_1_183' title='bbox 603 4013 881 4079; x_wconf 79' lang='lat' dir='ltr'>victoria</span> <span class='ocrx_word' id='word_1_184' title='bbox 927 4017 995 4076; x_wconf 87' lang='lat' dir='ltr'>et</span> <span class='ocrx_word' id='word_1_185' title='bbox 1062 4012 1202 4098; x_wconf 86' lang='lat' dir='ltr'>ipse</span> <span class='ocrx_word' id='word_1_186' title='bbox 1267 4032 1404 4097; x_wconf 83' lang='lat' dir='ltr'>prae</span> <span class='ocrx_word' id='word_1_187' title='bbox 1453 4010 1708 4077; x_wconf 85' lang='lat' dir='ltr'>eaeteris</span> <span class='ocrx_word' id='word_1_188' title='bbox 1753 4010 2051 4075; x_wconf 77' lang='lat' dir='ltr'>victoriae</span> <span class='ocrx_word' id='word_1_189' title='bbox 2096 4010 2308 4096; x_wconf 88' lang='lat' dir='ltr'>gloria</span> <span class='ocrx_word' id='word_1_190' title='bbox 2374 4008 2707 4096; x_wconf 56' lang='lat' dir='ltr'>ponatur?</span> 
     </span>
    </p>

    <p class='ocr_par' dir='ltr' id='par_1_7' title="bbox 605 4107 2705 4300">
     <span class='ocr_line' id='line_1_29' title="bbox 607 4107 2705 4200; baseline -0.003 -20"><span class='ocrx_word' id='word_1_191' title='bbox 607 4113 736 4180; x_wconf 85' lang='lat' dir='ltr'>Sed</span> <span class='ocrx_word' id='word_1_192' title='bbox 811 4112 973 4200; x_wconf 88' lang='lat' dir='ltr'>quid</span> <span class='ocrx_word' id='word_1_193' title='bbox 1043 4111 1302 4177; x_wconf 85' lang='lat' dir='ltr'>Goliam</span> <span class='ocrx_word' id='word_1_194' title='bbox 1377 4110 1723 4199; x_wconf 70' lang='lat' dir='ltr'>significo?</span> <span class='ocrx_word' id='word_1_195' title='bbox 1813 4111 2093 4176; x_wconf 88' lang='lat' dir='ltr'>Utinam</span> <span class='ocrx_word' id='word_1_196' title='bbox 2162 4109 2271 4173; x_wconf 89' lang='lat' dir='ltr'>vel</span> <span class='ocrx_word' id='word_1_197' title='bbox 2346 4107 2557 4174; x_wconf 90' lang='lat' dir='ltr'>solum</span> <span class='ocrx_word' id='word_1_198' title='bbox 2636 4131 2705 4173; x_wconf 87' lang='lat' dir='ltr'>se</span> 
     </span>
     <span class='ocr_line' id='line_1_30' title="bbox 605 4209 2689 4300; baseline -0.002 -20"><span class='ocrx_word' id='word_1_199' title='bbox 605 4214 862 4282; x_wconf 82' lang='lat' dir='ltr'>Goliam</span> <span class='ocrx_word' id='word_1_200' title='bbox 954 4213 1408 4294; x_wconf 83' lang='lat' dir='ltr'>exhibuisset3</span> <span class='ocrx_word' id='word_1_201' title='bbox 1499 4214 1662 4300; x_wconf 84' lang='lat' dir='ltr'>quin</span> <span class='ocrx_word' id='word_1_202' title='bbox 1756 4213 1979 4300; x_wconf 86' lang='lat' dir='ltr'>potius</span> <span class='ocrx_word' id='word_1_203' title='bbox 2075 4209 2497 4299; x_wconf 81' lang='lat' dir='ltr'>periculosior</span> <span class='ocrx_word' id='word_1_204' title='bbox 2589 4215 2689 4275; x_wconf 86' lang='lat' dir='ltr'>est</span> 
     </span>
    </p>
   </div>
   <div class='ocr_carea' id='block_1_6' title="bbox 677 4387 2077 4453">
    <p class='ocr_par' dir='ltr' id='par_1_8' title="bbox 677 4387 2077 4453">
     <span class='ocr_line' id='line_1_31' title="bbox 677 4387 2077 4453; baseline -0.005 -12"><span class='ocrx_word' id='word_1_205' title='bbox 677 4390 694 4423; x_wconf 88' lang='lat'>¹</span> <span class='ocrx_word' id='word_1_206' title='bbox 727 4389 926 4450; x_wconf 72' lang='lat' dir='ltr'>eoloris,</span> <span class='ocrx_word' id='word_1_207' title='bbox 950 4389 1014 4440; x_wconf 87' lang='lat' dir='ltr'>G.</span> <span class='ocrx_word' id='word_1_208' title='bbox 1467 4421 1478 4432; x_wconf 95' lang='lat'><strong><em>.</em></strong></span> <span class='ocrx_word' id='word_1_209' title='bbox 1641 4389 1652 4446; x_wconf 91' lang='grc'>1</span> <span class='ocrx_word' id='word_1_210' title='bbox 1768 4387 1790 4422; x_wconf 77' lang='lat'>²</span> <span class='ocrx_word' id='word_1_211' title='bbox 1810 4388 2077 4453; x_wconf 74' lang='lat' dir='ltr'>fruatur?</span> 
     </span>
    </p>
   </div>
   <div class='ocr_carea' id='block_1_7' title="bbox 600 4534 2708 4915">
    <p class='ocr_par' dir='ltr' id='par_1_9' title="bbox 600 4534 2708 4915">
     <span class='ocr_line' id='line_1_32' title="bbox 664 4534 2707 4606; baseline -0.002 -16"><span class='ocrx_word' id='word_1_212' title='bbox 664 4547 686 4572; x_wconf 81' lang='lat'>⁸</span> <span class='ocrx_word' id='word_1_213' title='bbox 720 4539 832 4592; x_wconf 85' lang='lat' dir='ltr'>The</span> <span class='ocrx_word' id='word_1_214' title='bbox 873 4547 989 4592; x_wconf 80' lang='lat' dir='ltr'>text</span> <span class='ocrx_word' id='word_1_215' title='bbox 1033 4539 1094 4590; x_wconf 86' lang='lat' dir='ltr'>of</span> <span class='ocrx_word' id='word_1_216' title='bbox 1130 4539 1234 4590; x_wconf 80' lang='lat' dir='ltr'>this</span> <span class='ocrx_word' id='word_1_217' title='bbox 1272 4541 1422 4590; x_wconf 82' lang='lat' dir='ltr'>letter</span> <span class='ocrx_word' id='word_1_218' title='bbox 1460 4541 1504 4590; x_wconf 78' lang='lat' dir='ltr'>is</span> <span class='ocrx_word' id='word_1_219' title='bbox 1535 4540 1600 4590; x_wconf 67' lang='lat' dir='ltr'>in</span> <span class='ocrx_word' id='word_1_220' title='bbox 1702 4555 1829 4592; x_wconf 77' lang='lat' dir='ltr'>were</span> <span class='ocrx_word' id='word_1_221' title='bbox 1852 4539 2128 4606; x_wconf 83' lang='lat' dir='ltr'>perplexed</span> <span class='ocrx_word' id='word_1_222' title='bbox 2160 4537 2231 4602; x_wconf 75' lang='lat' dir='ltr'>by</span> <span class='ocrx_word' id='word_1_223' title='bbox 2254 4536 2341 4588; x_wconf 79' lang='lat' dir='ltr'>the</span> <span class='ocrx_word' id='word_1_224' title='bbox 2374 4534 2707 4602; x_wconf 72' lang='lat' dir='ltr'>peculiarities</span> 
     </span>
     <span class='ocr_line' id='line_1_33' title="bbox 600 4615 2271 4685; baseline -0.003 -15"><span class='ocrx_word' id='word_1_225' title='bbox 600 4625 740 4684; x_wconf 72' lang='lat' dir='ltr'>parts</span> <span class='ocrx_word' id='word_1_226' title='bbox 783 4619 967 4670; x_wconf 77' lang='lat' dir='ltr'>almost</span> <span class='ocrx_word' id='word_1_227' title='bbox 1009 4633 1070 4669; x_wconf 85' lang='lat' dir='ltr'>or</span> <span class='ocrx_word' id='word_1_228' title='bbox 1115 4619 1303 4685; x_wconf 81' lang='lat' dir='ltr'>wholly</span> <span class='ocrx_word' id='word_1_229' title='bbox 1347 4619 1602 4670; x_wconf 84' lang='lat' dir='ltr'>unintelli-</span> <span class='ocrx_word' id='word_1_230' title='bbox 1705 4617 1762 4669; x_wconf 78' lang='lat' dir='ltr'>of</span> <span class='ocrx_word' id='word_1_231' title='bbox 1777 4619 1866 4668; x_wconf 86' lang='lat' dir='ltr'>the</span> <span class='ocrx_word' id='word_1_232' title='bbox 1888 4616 2101 4666; x_wconf 70' lang='lat' dir='ltr'>writer&#39;s</span> <span class='ocrx_word' id='word_1_233' title='bbox 2124 4615 2271 4681; x_wconf 76' lang='lat' dir='ltr'>style.</span> 
     </span>
     <span class='ocr_line' id='line_1_34' title="bbox 600 4692 2708 4765; baseline -0.002 -16"><span class='ocrx_word' id='word_1_234' title='bbox 600 4697 750 4765; x_wconf 67' lang='lat' dir='ltr'>gissa,</span> <span class='ocrx_word' id='word_1_235' title='bbox 783 4699 884 4748; x_wconf 81' lang='lat' dir='ltr'>and</span> <span class='ocrx_word' id='word_1_236' title='bbox 914 4699 1010 4748; x_wconf 75' lang='lat' dir='ltr'>has</span> <span class='ocrx_word' id='word_1_237' title='bbox 1047 4699 1294 4763; x_wconf 80' lang='lat' dir='ltr'>probably</span> <span class='ocrx_word' id='word_1_238' title='bbox 1325 4699 1454 4749; x_wconf 87' lang='lat' dir='ltr'>been</span> <span class='ocrx_word' id='word_1_239' title='bbox 1492 4714 1603 4749; x_wconf 84' lang='lat' dir='ltr'>ren·</span> <span class='ocrx_word' id='word_1_240' title='bbox 1770 4695 1794 4730; x_wconf 79' lang='lat'>&#39;³</span> <span class='ocrx_word' id='word_1_241' title='bbox 1824 4696 2149 4746; x_wconf 77' lang='lat' dir='ltr'>Clementiam</span> <span class='ocrx_word' id='word_1_242' title='bbox 2165 4695 2207 4744; x_wconf 74' lang='lat' dir='ltr'>is</span> <span class='ocrx_word' id='word_1_243' title='bbox 2230 4693 2475 4758; x_wconf 73' lang='lat' dir='ltr'>probably</span> <span class='ocrx_word' id='word_1_244' title='bbox 2498 4692 2708 4744; x_wconf 80' lang='lat' dir='ltr'>omitted</span> 
     </span>
     <span class='ocr_line' id='line_1_35' title="bbox 603 4775 2063 4843; baseline -0.004 -14"><span class='ocrx_word' id='word_1_245' title='bbox 603 4779 755 4829; x_wconf 75' lang='lat' dir='ltr'>clei-ed</span> <span class='ocrx_word' id='word_1_246' title='bbox 773 4793 916 4828; x_wconf 84' lang='lat' dir='ltr'>more</span> <span class='ocrx_word' id='word_1_247' title='bbox 949 4793 1006 4829; x_wconf 83' lang='lat' dir='ltr'>so</span> <span class='ocrx_word' id='word_1_248' title='bbox 1039 4780 1108 4843; x_wconf 80' lang='lat' dir='ltr'>by</span> <span class='ocrx_word' id='word_1_249' title='bbox 1135 4778 1462 4830; x_wconf 66' lang='lat' dir='ltr'>mnseflbers</span> <span class='ocrx_word' id='word_1_250' title='bbox 1486 4779 1602 4828; x_wconf 74' lang='lat' dir='ltr'>who</span> <span class='ocrx_word' id='word_1_251' title='bbox 1705 4783 1758 4827; x_wconf 81' lang='lat' dir='ltr'>at</span> <span class='ocrx_word' id='word_1_252' title='bbox 1781 4775 1882 4826; x_wconf 81' lang='lat' dir='ltr'>this</span> <span class='ocrx_word' id='word_1_253' title='bbox 1906 4775 2063 4838; x_wconf 81' lang='lat' dir='ltr'>place.</span> 
     </span>
     <span class='ocr_line' id='line_1_36' title="bbox 778 4860 2441 4915; baseline -0.004 -9"><span class='ocrx_word' id='word_1_254' title='bbox 778 4874 808 4906; x_wconf 92' lang='lat' dir='ltr'>o</span> <span class='ocrx_word' id='word_1_255' title='bbox 839 4860 964 4908; x_wconf 75' lang='lat'>1247</span> <span class='ocrx_word' id='word_1_256' title='bbox 971 4863 1016 4906; x_wconf 89' lang='lat'>8.</span> <span class='ocrx_word' id='word_1_257' title='bbox 2398 4869 2441 4915; x_wconf 84' lang='lat' dir='ltr'>B</span> 
     </span>
    </p>
   </div>
  </div>
 </body>
</html>
