<?xml version="1.0" encoding="UTF-8"?>
<!DOCTYPE html PUBLIC "-//W3C//DTD XHTML 1.0 Transitional//EN"
    "http://www.w3.org/TR/xhtml1/DTD/xhtml1-transitional.dtd">
<html xmlns="http://www.w3.org/1999/xhtml" xml:lang="en" lang="en">
 <head>
  <title>
</title>
<meta http-equiv="Content-Type" content="text/html;charset=utf-8" />
  <meta name='ocr-system' content='tesseract 3.04.00' />
  <meta name='ocr-capabilities' content='ocr_page ocr_carea ocr_par ocr_line ocrx_word'/>
</head>
<body>
  <div class='ocr_page' id='page_1' title='image "./materialsforhis00herbgoog_0383.png"; bbox 0 0 3634 5800; ppageno 0'>
   <div class='ocr_carea' id='block_1_1' title="bbox 836 809 2951 934">
    <p class='ocr_par' dir='ltr' id='par_1_1' title="bbox 836 809 2951 934">
     <span class='ocr_line' id='line_1_1' title="bbox 836 809 2951 934; baseline 0.003 -25"><span class='ocrx_word' id='word_1_1' title='bbox 836 847 967 910; x_wconf 83' lang='lat'><strong>358</strong></span> <span class='ocrx_word' id='word_1_2' title='bbox 1324 809 1331 822; x_wconf 44' lang='lat'><strong><em>¹</em></strong></span> <span class='ocrx_word' id='word_1_3' title='bbox 1715 860 2071 911; x_wconf 78' lang='lat' dir='ltr'><strong>EPISTOLAE.</strong></span> <span class='ocrx_word' id='word_1_4' title='bbox 2553 849 2720 934; x_wconf 67' lang='lat' dir='ltr'><strong>[Am.</strong></span> <span class='ocrx_word' id='word_1_5' title='bbox 2759 852 2794 914; x_wconf 96' lang='lat'>1</span> <span class='ocrx_word' id='word_1_6' title='bbox 2807 847 2951 916; x_wconf 85' lang='lat'><strong>170.</strong></span> 
     </span>
    </p>
   </div>
   <div class='ocr_carea' id='block_1_2' title="bbox 838 1048 2952 2154">
    <p class='ocr_par' dir='ltr' id='par_1_2' title="bbox 838 1048 2952 2154">
     <span class='ocr_line' id='line_1_2' title="bbox 840 1048 2949 1136; baseline -0.002 -21"><span class='ocrx_word' id='word_1_7' title='bbox 840 1069 1021 1115; x_wconf 84' lang='lat' dir='ltr'><strong>canae</strong></span> <span class='ocrx_word' id='word_1_8' title='bbox 1070 1048 1406 1114; x_wconf 88' lang='lat' dir='ltr'><strong>remissius</strong></span> <span class='ocrx_word' id='word_1_9' title='bbox 1467 1048 1677 1134; x_wconf 79' lang='lat' dir='ltr'>egisse</span> <span class='ocrx_word' id='word_1_10' title='bbox 1721 1048 2045 1126; x_wconf 87' lang='lat' dir='ltr'><strong>videmur,</strong></span> <span class='ocrx_word' id='word_1_11' title='bbox 2093 1068 2216 1114; x_wconf 89' lang='lat' dir='ltr'><strong>nec</strong></span> <span class='ocrx_word' id='word_1_12' title='bbox 2258 1049 2344 1114; x_wconf 88' lang='lat' dir='ltr'><strong>ad</strong></span> <span class='ocrx_word' id='word_1_13' title='bbox 2391 1048 2748 1136; x_wconf 71' lang='lat' dir='ltr'><strong>petitiones</strong></span> <span class='ocrx_word' id='word_1_14' title='bbox 2793 1051 2949 1112; x_wconf 87' lang='lat' dir='ltr'><strong>tuas</strong></span> 
     </span>
     <span class='ocr_line' id='line_1_3' title="bbox 841 1147 2950 1236; baseline -0.002 -20"><span class='ocrx_word' id='word_1_15' title='bbox 841 1173 963 1236; x_wconf 88' lang='lat' dir='ltr'><strong>pro</strong></span> <span class='ocrx_word' id='word_1_16' title='bbox 994 1155 1116 1216; x_wconf 90' lang='lat' dir='ltr'><strong>tua</strong></span> <span class='ocrx_word' id='word_1_17' title='bbox 1146 1151 1491 1216; x_wconf 88' lang='lat' dir='ltr'><strong>voluntate</strong></span> <span class='ocrx_word' id='word_1_18' title='bbox 1523 1149 2000 1236; x_wconf 87' lang='lat' dir='ltr'><strong>respondimus,</strong></span> <span class='ocrx_word' id='word_1_19' title='bbox 2032 1171 2166 1214; x_wconf 89' lang='lat' dir='ltr'><strong>non</strong></span> <span class='ocrx_word' id='word_1_20' title='bbox 2195 1171 2279 1215; x_wconf 85' lang='lat' dir='ltr'><strong>ex</strong></span> <span class='ocrx_word' id='word_1_21' title='bbox 2311 1171 2389 1215; x_wconf 91' lang='lat' dir='ltr'><strong>eo</strong></span> <span class='ocrx_word' id='word_1_22' title='bbox 2417 1150 2754 1236; x_wconf 87' lang='lat' dir='ltr'><strong>processit,</strong></span> <span class='ocrx_word' id='word_1_23' title='bbox 2771 1147 2950 1232; x_wconf 89' lang='lat' dir='ltr'><strong>quod</strong></span> 
     </span>
     <span class='ocr_line' id='line_1_4' title="bbox 843 1249 2952 1338; baseline -0.002 -20"><span class='ocrx_word' id='word_1_24' title='bbox 843 1274 1108 1318; x_wconf 89' lang='lat' dir='ltr'><strong>causam</strong></span> <span class='ocrx_word' id='word_1_25' title='bbox 1170 1252 1382 1338; x_wconf 89' lang='lat' dir='ltr'><strong>ipsam</strong></span> <span class='ocrx_word' id='word_1_26' title='bbox 1443 1251 1635 1317; x_wconf 91' lang='lat' dir='ltr'><strong>nobis</strong></span> <span class='ocrx_word' id='word_1_27' title='bbox 1680 1257 1903 1317; x_wconf 87' lang='lat' dir='ltr'><strong>tecum</strong></span> <span class='ocrx_word' id='word_1_28' title='bbox 1949 1256 2019 1316; x_wconf 90' lang='lat' dir='ltr'><strong>et</strong></span> <span class='ocrx_word' id='word_1_29' title='bbox 2063 1272 2213 1317; x_wconf 90' lang='lat' dir='ltr'><strong>cum</strong></span> <span class='ocrx_word' id='word_1_30' title='bbox 2259 1251 2634 1338; x_wconf 83' lang='lat' dir='ltr'><strong>Anglicana</strong></span> <span class='ocrx_word' id='word_1_31' title='bbox 2677 1249 2952 1316; x_wconf 86' lang='lat' dir='ltr'><strong>ecclesia</strong></span> 
     </span>
     <span class='ocr_line' id='line_1_5' title="bbox 842 1352 2949 1440; baseline -0 -22"><span class='ocrx_word' id='word_1_32' title='bbox 842 1376 979 1420; x_wconf 91' lang='lat' dir='ltr'><strong>non</strong></span> <span class='ocrx_word' id='word_1_33' title='bbox 1023 1354 1368 1421; x_wconf 78' lang='lat' dir='ltr'><strong>credamus</strong></span> <span class='ocrx_word' id='word_1_34' title='bbox 1432 1376 1573 1420; x_wconf 85' lang='lat' dir='ltr'><strong>esse</strong></span> <span class='ocrx_word' id='word_1_35' title='bbox 1634 1375 2074 1432; x_wconf 89' lang='lat' dir='ltr'><strong>communem,</strong></span> <span class='ocrx_word' id='word_1_36' title='bbox 2117 1359 2239 1419; x_wconf 88' lang='lat' dir='ltr'><strong>aut</strong></span> <span class='ocrx_word' id='word_1_37' title='bbox 2299 1355 2477 1440; x_wconf 90' lang='lat' dir='ltr'><strong>quod</strong></span> <span class='ocrx_word' id='word_1_38' title='bbox 2535 1353 2666 1419; x_wconf 90' lang='lat' dir='ltr'><strong>tibi</strong></span> <span class='ocrx_word' id='word_1_39' title='bbox 2725 1352 2949 1417; x_wconf 87' lang='lat' dir='ltr'><strong>deesse</strong></span> 
     </span>
     <span class='ocr_line' id='line_1_6' title="bbox 843 1454 2950 1542; baseline -0.001 -21"><span class='ocrx_word' id='word_1_40' title='bbox 843 1457 980 1522; x_wconf 86' lang='lat' dir='ltr'><strong>ulla</strong></span> <span class='ocrx_word' id='word_1_41' title='bbox 1024 1458 1281 1522; x_wconf 88' lang='lat' dir='ltr'><strong>ratione</strong></span> <span class='ocrx_word' id='word_1_42' title='bbox 1324 1456 1627 1535; x_wconf 88' lang='lat' dir='ltr'><strong>velimus,</strong></span> <span class='ocrx_word' id='word_1_43' title='bbox 1671 1456 1786 1522; x_wconf 89' lang='lat' dir='ltr'><strong>sed</strong></span> <span class='ocrx_word' id='word_1_44' title='bbox 1834 1457 1993 1542; x_wconf 87' lang='lat' dir='ltr'><strong>quia</strong></span> <span class='ocrx_word' id='word_1_45' title='bbox 2036 1455 2364 1542; x_wconf 86' lang='lat' dir='ltr'><strong>patientia</strong></span> <span class='ocrx_word' id='word_1_46' title='bbox 2421 1454 2748 1521; x_wconf 89' lang='lat' dir='ltr'><strong>utendum</strong></span> <span class='ocrx_word' id='word_1_47' title='bbox 2809 1473 2950 1518; x_wconf 89' lang='lat' dir='ltr'><strong>esse</strong></span> 
     </span>
     <span class='ocr_line' id='line_1_7' title="bbox 842 1557 2945 1644; baseline -0.002 -21"><span class='ocrx_word' id='word_1_48' title='bbox 842 1558 1260 1636; x_wconf 73' lang='lat' dir='ltr'><strong>credidimus,</strong></span> <span class='ocrx_word' id='word_1_49' title='bbox 1330 1563 1408 1623; x_wconf 81' lang='lat' dir='ltr'><strong>ut</strong></span> <span class='ocrx_word' id='word_1_50' title='bbox 1483 1559 1556 1622; x_wconf 90' lang='lat' dir='ltr'><strong>in</strong></span> <span class='ocrx_word' id='word_1_51' title='bbox 1632 1558 1808 1623; x_wconf 91' lang='lat' dir='ltr'><strong>bono</strong></span> <span class='ocrx_word' id='word_1_52' title='bbox 1884 1557 2132 1622; x_wconf 85' lang='lat' dir='ltr'><strong>malum</strong></span> <span class='ocrx_word' id='word_1_53' title='bbox 2209 1578 2517 1644; x_wconf 84' lang='lat' dir='ltr'><strong>superare</strong></span> <span class='ocrx_word' id='word_1_54' title='bbox 2590 1575 2945 1642; x_wconf 83' lang='lat' dir='ltr'><strong>possemus.</strong></span> 
     </span>
     <span class='ocr_line' id='line_1_8' title="bbox 842 1657 2950 1746; baseline -0.002 -20"><span class='ocrx_word' id='word_1_55' title='bbox 842 1662 1212 1726; x_wconf 86' lang='lat' dir='ltr'><strong>Timuimus</strong></span> <span class='ocrx_word' id='word_1_56' title='bbox 1234 1661 1259 1700; x_wconf 90' lang='lat'>¹</span> <span class='ocrx_word' id='word_1_57' title='bbox 1306 1661 1527 1738; x_wconf 89' lang='lat' dir='ltr'><strong>etiam,</strong></span> <span class='ocrx_word' id='word_1_58' title='bbox 1573 1681 1657 1726; x_wconf 90' lang='lat' dir='ltr'><strong>ne</strong></span> <span class='ocrx_word' id='word_1_59' title='bbox 1702 1660 1761 1724; x_wconf 90' lang='lat' dir='ltr'><strong>si</strong></span> <span class='ocrx_word' id='word_1_60' title='bbox 1807 1661 2018 1746; x_wconf 84' lang='lat' dir='ltr'><strong>major</strong></span> <span class='ocrx_word' id='word_1_61' title='bbox 2063 1659 2344 1726; x_wconf 87' lang='lat' dir='ltr'><strong>scissura</strong></span> <span class='ocrx_word' id='word_1_62' title='bbox 2387 1660 2578 1725; x_wconf 86' lang='lat' dir='ltr'><strong>fieret</strong></span> <span class='ocrx_word' id='word_1_63' title='bbox 2629 1659 2703 1722; x_wconf 89' lang='lat' dir='ltr'><strong>in</strong></span> <span class='ocrx_word' id='word_1_64' title='bbox 2747 1657 2950 1724; x_wconf 84' lang='lat' dir='ltr'><strong>eccle-</strong></span> 
     </span>
     <span class='ocr_line' id='line_1_9' title="bbox 842 1760 2949 1855; baseline -0.002 -27"><span class='ocrx_word' id='word_1_65' title='bbox 842 1765 958 1840; x_wconf 86' lang='lat' dir='ltr'><strong>sia,</strong></span> <span class='ocrx_word' id='word_1_66' title='bbox 987 1769 1239 1855; x_wconf 38' lang='lat' dir='ltr'><strong>nostrae‘</strong></span> <span class='ocrx_word' id='word_1_67' title='bbox 1274 1769 1496 1850; x_wconf 90' lang='lat' dir='ltr'><strong>posset</strong></span> <span class='ocrx_word' id='word_1_68' title='bbox 1538 1762 1806 1828; x_wconf 82' lang='lat' dir='ltr'><strong>duritiae</strong></span> <span class='ocrx_word' id='word_1_69' title='bbox 1853 1761 2173 1848; x_wconf 86' lang='lat' dir='ltr'><strong>deputari.</strong></span> <span class='ocrx_word' id='word_1_70' title='bbox 2269 1761 2339 1827; x_wconf 87' lang='lat' dir='ltr'>N</span> <span class='ocrx_word' id='word_1_71' title='bbox 2339 1783 2470 1828; x_wconf 88' lang='lat' dir='ltr'><strong>unc</strong></span> <span class='ocrx_word' id='word_1_72' title='bbox 2511 1767 2756 1837; x_wconf 89' lang='lat' dir='ltr'><strong>autem,</strong></span> <span class='ocrx_word' id='word_1_73' title='bbox 2787 1760 2949 1846; x_wconf 87' lang='lat' dir='ltr'><strong>quia</strong></span> 
     </span>
     <span class='ocr_line' id='line_1_10' title="bbox 843 1862 2947 1951; baseline -0.001 -21"><span class='ocrx_word' id='word_1_74' title='bbox 843 1866 1217 1931; x_wconf 68' lang='lat' dir='ltr'><strong>turbatores</strong></span> <span class='ocrx_word' id='word_1_75' title='bbox 1278 1865 1460 1951; x_wconf 86' lang='lat' dir='ltr'><strong>pacis</strong></span> <span class='ocrx_word' id='word_1_76' title='bbox 1513 1873 1583 1928; x_wconf 91' lang='lat' dir='ltr'><strong>et</strong></span> <span class='ocrx_word' id='word_1_77' title='bbox 1627 1863 1958 1928; x_wconf 86' lang='lat' dir='ltr'><strong>libertatis</strong></span> <span class='ocrx_word' id='word_1_78' title='bbox 2019 1863 2476 1930; x_wconf 73' lang='lat' dir='ltr'><strong>ecclesiasticae</strong></span> <span class='ocrx_word' id='word_1_79' title='bbox 2535 1862 2947 1948; x_wconf 79' lang='lat' dir='ltr'><strong>depressores</strong></span> 
     </span>
     <span class='ocr_line' id='line_1_11' title="bbox 838 1964 2948 2052; baseline -0.001 -20"><span class='ocrx_word' id='word_1_80' title='bbox 838 1967 927 2032; x_wconf 84' lang='lat' dir='ltr'><strong>ad</strong></span> <span class='ocrx_word' id='word_1_81' title='bbox 972 1967 1354 2052; x_wconf 86' lang='lat' dir='ltr'><strong>corrigenda</strong></span> <span class='ocrx_word' id='word_1_82' title='bbox 1399 1966 1576 2030; x_wconf 86' lang='lat' dir='ltr'><strong>mala</strong></span> <span class='ocrx_word' id='word_1_83' title='bbox 1619 1965 1963 2051; x_wconf 74' lang='lat' dir='ltr'><strong>praeterita</strong></span> <span class='ocrx_word' id='word_1_84' title='bbox 2005 1964 2192 2030; x_wconf 85' lang='lat' dir='ltr'><strong>nulla</strong></span> <span class='ocrx_word' id='word_1_85' title='bbox 2237 1965 2554 2030; x_wconf 87' lang='lat' dir='ltr'><strong>videntur</strong></span> <span class='ocrx_word' id='word_1_86' title='bbox 2597 1984 2948 2050; x_wconf 87' lang='lat' dir='ltr'><strong>compunc-</strong></span> 
     </span>
     <span class='ocr_line' id='line_1_12' title="bbox 840 2066 2944 2154; baseline -0.003 -19"><span class='ocrx_word' id='word_1_87' title='bbox 840 2071 1023 2135; x_wconf 90' lang='lat' dir='ltr'><strong>tione</strong></span> <span class='ocrx_word' id='word_1_88' title='bbox 1090 2069 1359 2146; x_wconf 85' lang='lat' dir='ltr'><strong>moveri,</strong></span> <span class='ocrx_word' id='word_1_89' title='bbox 1430 2068 1652 2145; x_wconf 88' lang='lat' dir='ltr'><strong>immo,</strong></span> <span class='ocrx_word' id='word_1_90' title='bbox 1717 2067 2060 2132; x_wconf 73' lang='lat' dir='ltr'><strong>trahentes</strong></span> <span class='ocrx_word' id='word_1_91' title='bbox 2129 2072 2400 2154; x_wconf 85' lang='lat' dir='ltr'><strong>peccata</strong></span> <span class='ocrx_word' id='word_1_92' title='bbox 2463 2066 2636 2133; x_wconf 86' lang='lat' dir='ltr'><strong>sicut</strong></span> <span class='ocrx_word' id='word_1_93' title='bbox 2703 2071 2944 2131; x_wconf 84' lang='lat' dir='ltr'><strong>restem</strong></span> 
     </span>
    </p>
   </div>
   <div class='ocr_carea' id='block_1_3' title="bbox 838 2167 2944 2258">
    <p class='ocr_par' dir='ltr' id='par_1_3' title="bbox 838 2167 2944 2258">
     <span class='ocr_line' id='line_1_13' title="bbox 838 2167 2944 2258; baseline -0.002 -22"><span class='ocrx_word' id='word_1_94' title='bbox 838 2173 1129 2258; x_wconf 79' lang='lat' dir='ltr'><strong>longam,</strong></span> <span class='ocrx_word' id='word_1_95' title='bbox 1157 2177 1299 2236; x_wconf 83' lang='lat' dir='ltr'><strong>tam</strong></span> <span class='ocrx_word' id='word_1_96' title='bbox 1344 2171 1417 2235; x_wconf 90' lang='lat' dir='ltr'><strong>in</strong></span> <span class='ocrx_word' id='word_1_97' title='bbox 1459 2189 1817 2257; x_wconf 80' lang='lat' dir='ltr'><strong>gravamen</strong></span> <span class='ocrx_word' id='word_1_98' title='bbox 1864 2175 2058 2235; x_wconf 89' lang='lat' dir='ltr'><strong>tuum</strong></span> <span class='ocrx_word' id='word_1_99' title='bbox 2099 2189 2297 2255; x_wconf 90' lang='lat' dir='ltr'><strong>quam</strong></span> <span class='ocrx_word' id='word_1_100' title='bbox 2343 2170 2417 2234; x_wconf 91' lang='lat' dir='ltr'><strong>in</strong></span> <span class='ocrx_word' id='word_1_101' title='bbox 2461 2167 2944 2255; x_wconf 85' lang='lat' dir='ltr'><strong>depressionem</strong></span> 
     </span>
    </p>
   </div>
   <div class='ocr_carea' id='block_1_4' title="bbox 506 2270 2945 2358">
    <p class='ocr_par' dir='ltr' id='par_1_4' title="bbox 506 2270 2945 2358">
     <span class='ocr_line' id='line_1_14' title="bbox 506 2270 2945 2358; baseline -0.001 -22"><span class='ocrx_word' id='word_1_102' title='bbox 506 2275 756 2326; x_wconf 77' lang='lat' dir='ltr'><strong>Censures</strong></span> <span class='ocrx_word' id='word_1_103' title='bbox 840 2271 1341 2340; x_wconf 73' lang='lat' dir='ltr'><strong>cantuariensis</strong></span> <span class='ocrx_word' id='word_1_104' title='bbox 1402 2270 1690 2338; x_wconf 74' lang='lat' dir='ltr'><strong>ecclesiae</strong></span> <span class='ocrx_word' id='word_1_105' title='bbox 1752 2270 1965 2357; x_wconf 86' lang='lat' dir='ltr'><strong>magis</strong></span> <span class='ocrx_word' id='word_1_106' title='bbox 2027 2276 2099 2336; x_wconf 89' lang='lat' dir='ltr'><strong>et</strong></span> <span class='ocrx_word' id='word_1_107' title='bbox 2161 2270 2372 2358; x_wconf 85' lang='lat' dir='ltr'><strong>magis</strong></span> <span class='ocrx_word' id='word_1_108' title='bbox 2437 2273 2828 2349; x_wconf 73' lang='lat' dir='ltr'><strong>exaestuant,</strong></span> <span class='ocrx_word' id='word_1_109' title='bbox 2873 2273 2945 2334; x_wconf 89' lang='lat' dir='ltr'><strong>et</strong></span> 
     </span>
    </p>
   </div>
   <div class='ocr_carea' id='block_1_5' title="bbox 502 2357 2942 2467">
    <p class='ocr_par' dir='ltr' id='par_1_5' title="bbox 502 2357 2942 2467">
     <span class='ocr_line' id='line_1_15' title="bbox 502 2357 2942 2467; baseline -0.003 -26"><span class='ocrx_word' id='word_1_110' title='bbox 502 2357 765 2467; x_wconf 56' lang='grc' dir='ltr'><strong>ἰξῖθξῖθὲω,</strong></span> <span class='ocrx_word' id='word_1_111' title='bbox 838 2397 1100 2441; x_wconf 89' lang='lat' dir='ltr'><strong>omnem</strong></span> <span class='ocrx_word' id='word_1_112' title='bbox 1161 2374 1299 2439; x_wconf 87' lang='lat' dir='ltr'><strong>fere</strong></span> <span class='ocrx_word' id='word_1_113' title='bbox 1345 2372 1537 2438; x_wconf 90' lang='lat' dir='ltr'><strong>nobis</strong></span> <span class='ocrx_word' id='word_1_114' title='bbox 1563 2371 1589 2411; x_wconf 75' lang='lat'>²</span> <span class='ocrx_word' id='word_1_115' title='bbox 1649 2393 1834 2457; x_wconf 87' lang='lat' dir='ltr'><strong>spem</strong></span> <span class='ocrx_word' id='word_1_116' title='bbox 1879 2372 2195 2437; x_wconf 85' lang='lat' dir='ltr'><strong>videntur</strong></span> <span class='ocrx_word' id='word_1_117' title='bbox 2240 2371 2654 2458; x_wconf 84' lang='lat' dir='ltr'><strong>poenitentiae</strong></span> <span class='ocrx_word' id='word_1_118' title='bbox 2714 2370 2942 2457; x_wconf 81' lang='lat' dir='ltr'><strong>praeci-</strong></span> 
     </span>
    </p>
   </div>
   <div class='ocr_carea' id='block_1_6' title="bbox 500 2473 2942 2560">
    <p class='ocr_par' dir='ltr' id='par_1_6' title="bbox 500 2473 2942 2560">
     <span class='ocr_line' id='line_1_16' title="bbox 500 2473 2942 2560; baseline -0.003 -18"><span class='ocrx_word' id='word_1_119' title='bbox 500 2475 785 2524; x_wconf 66' lang='lat' dir='ltr'><strong>conserues</strong></span> <span class='ocrx_word' id='word_1_120' title='bbox 836 2478 1027 2554; x_wconf 90' lang='lat' dir='ltr'><strong>disse,</strong></span> <span class='ocrx_word' id='word_1_121' title='bbox 1072 2496 1192 2540; x_wconf 86' lang='lat' dir='ltr'><strong>nos</strong></span> <span class='ocrx_word' id='word_1_122' title='bbox 1241 2476 1312 2539; x_wconf 90' lang='lat' dir='ltr'><strong>in</strong></span> <span class='ocrx_word' id='word_1_123' title='bbox 1358 2474 1633 2540; x_wconf 87' lang='lat' dir='ltr'><strong>fratrem</strong></span> <span class='ocrx_word' id='word_1_124' title='bbox 1679 2477 1985 2538; x_wconf 89' lang='lat' dir='ltr'><strong>nostrum</strong></span> <span class='ocrx_word' id='word_1_125' title='bbox 2047 2473 2405 2560; x_wconf 87' lang='lat' dir='ltr'><strong>Rogerium</strong></span> <span class='ocrx_word' id='word_1_126' title='bbox 2467 2473 2942 2538; x_wconf 84' lang='lat' dir='ltr'><strong>Eboraoensem</strong></span> 
     </span>
    </p>
   </div>
   <div class='ocr_carea' id='block_1_7' title="bbox 501 2540 2942 2665">
    <p class='ocr_par' dir='ltr' id='par_1_7' title="bbox 501 2540 2942 2665">
     <span class='ocr_line' id='line_1_17' title="bbox 501 2540 2942 2665; baseline -0.004 -17"><span class='ocrx_word' id='word_1_127' title='bbox 501 2540 711 2656; x_wconf 41' lang='lat'><strong>2233&amp;</strong></span> <span class='ocrx_word' id='word_1_128' title='bbox 836 2578 1418 2665; x_wconf 87' lang='lat' dir='ltr'><strong>archiepiscopum,</strong></span> <span class='ocrx_word' id='word_1_129' title='bbox 1464 2582 1534 2641; x_wconf 88' lang='lat' dir='ltr'><strong>et</strong></span> <span class='ocrx_word' id='word_1_130' title='bbox 1586 2575 1875 2662; x_wconf 87' lang='lat' dir='ltr'><strong>reliquos</strong></span> <span class='ocrx_word' id='word_1_131' title='bbox 1937 2574 2272 2661; x_wconf 86' lang='lat' dir='ltr'><strong>episcopos</strong></span> <span class='ocrx_word' id='word_1_132' title='bbox 2318 2575 2433 2660; x_wconf 89' lang='lat' dir='ltr'><strong>qui</strong></span> <span class='ocrx_word' id='word_1_133' title='bbox 2483 2575 2942 2662; x_wconf 88' lang='lat' dir='ltr'><strong>juramentum</strong></span> 
     </span>
    </p>
   </div>
   <div class='ocr_carea' id='block_1_8' title="bbox 500 2676 3088 2764">
    <p class='ocr_par' dir='ltr' id='par_1_8' title="bbox 500 2676 3088 2764">
     <span class='ocr_line' id='line_1_18' title="bbox 500 2676 3088 2764; baseline -0.005 -13"><span class='ocrx_word' id='word_1_134' title='bbox 500 2676 626 2722; x_wconf 68' lang='lat'>²¹⁰⁰·</span> <span class='ocrx_word' id='word_1_135' title='bbox 836 2679 1303 2749; x_wconf 82' lang='lat' dir='ltr'><strong>conservandis</strong></span> <span class='ocrx_word' id='word_1_136' title='bbox 1366 2677 1615 2764; x_wconf 88' lang='lat' dir='ltr'><strong>iniquis</strong></span> <span class='ocrx_word' id='word_1_137' title='bbox 1681 2677 2272 2743; x_wconf 87' lang='lat' dir='ltr'><strong>consuetudinibus</strong></span> <span class='ocrx_word' id='word_1_138' title='bbox 2339 2677 2815 2762; x_wconf 74' lang='lat' dir='ltr'><strong>praestiterunt,</strong></span> <span class='ocrx_word' id='word_1_139' title='bbox 2873 2682 2944 2740; x_wconf 86' lang='lat' dir='ltr'><strong>et</strong></span> <span class='ocrx_word' id='word_1_140' title='bbox 3075 2727 3088 2738; x_wconf 85' lang='lat'><strong>.</strong></span> 
     </span>
    </p>
   </div>
   <div class='ocr_carea' id='block_1_9' title="bbox 821 2778 2948 4405">
    <p class='ocr_par' dir='ltr' id='par_1_9' title="bbox 821 2778 2948 4405">
     <span class='ocr_line' id='line_1_19' title="bbox 836 2778 2942 2855; baseline -0.004 -5"><span class='ocrx_word' id='word_1_141' title='bbox 836 2789 1047 2850; x_wconf 85' lang='lat' dir='ltr'><strong>tantae</strong></span> <span class='ocrx_word' id='word_1_142' title='bbox 1094 2786 1252 2847; x_wconf 89' lang='lat' dir='ltr'><strong>sunt</strong></span> <span class='ocrx_word' id='word_1_143' title='bbox 1312 2780 1589 2845; x_wconf 71' lang='lat' dir='ltr'><strong>malitiae</strong></span> <span class='ocrx_word' id='word_1_144' title='bbox 1652 2779 2040 2855; x_wconf 73' lang='lat' dir='ltr'><strong>incentoreS,</strong></span> <span class='ocrx_word' id='word_1_145' title='bbox 2101 2779 2502 2844; x_wconf 89' lang='lat' dir='ltr'><strong>sententiam</strong></span> <span class='ocrx_word' id='word_1_146' title='bbox 2561 2778 2942 2843; x_wconf 88' lang='lat' dir='ltr'><strong>canonicam</strong></span> 
     </span>
     <span class='ocr_line' id='line_1_20' title="bbox 826 2880 2939 2973; baseline -0.002 -20"><span class='ocrx_word' id='word_1_147' title='bbox 826 2886 1222 2973; x_wconf 86' lang='lat' dir='ltr'><strong>jaculamur,</strong></span> <span class='ocrx_word' id='word_1_148' title='bbox 1266 2888 1336 2950; x_wconf 91' lang='lat' dir='ltr'><strong>et</strong></span> <span class='ocrx_word' id='word_1_149' title='bbox 1380 2883 1466 2950; x_wconf 92' lang='lat' dir='ltr'><strong>ab</strong></span> <span class='ocrx_word' id='word_1_150' title='bbox 1513 2881 1872 2969; x_wconf 87' lang='lat' dir='ltr'><strong>episcopali</strong></span> <span class='ocrx_word' id='word_1_151' title='bbox 1919 2903 2028 2947; x_wconf 91' lang='lat' dir='ltr'><strong>eos</strong></span> <span class='ocrx_word' id='word_1_152' title='bbox 2074 2881 2534 2968; x_wconf 88' lang='lat' dir='ltr'><strong>suspendimus</strong></span> <span class='ocrx_word' id='word_1_153' title='bbox 2596 2880 2939 2968; x_wconf 82' lang='lat' dir='ltr'><strong>dignitate.</strong></span> 
     </span>
     <span class='ocr_line' id='line_1_21' title="bbox 834 2984 2942 3071; baseline -0.002 -18"><span class='ocrx_word' id='word_1_154' title='bbox 834 2986 1402 3054; x_wconf 86' lang='lat' dir='ltr'><strong>Saresberiensem</strong></span> <span class='ocrx_word' id='word_1_155' title='bbox 1456 3006 1538 3050; x_wconf 89' lang='lat' dir='ltr'><strong>au</strong></span> <span class='ocrx_word' id='word_1_156' title='bbox 1546 2991 1683 3049; x_wconf 92' lang='lat' dir='ltr'><strong>tem</strong></span> <span class='ocrx_word' id='word_1_157' title='bbox 1729 2990 1799 3049; x_wconf 89' lang='lat' dir='ltr'><strong>et</strong></span> <span class='ocrx_word' id='word_1_158' title='bbox 1843 2984 2370 3051; x_wconf 88' lang='lat' dir='ltr'><strong>Londoniensem</strong></span> <span class='ocrx_word' id='word_1_159' title='bbox 2423 2984 2776 3071; x_wconf 85' lang='lat' dir='ltr'><strong>episcopos,</strong></span> <span class='ocrx_word' id='word_1_160' title='bbox 2823 2984 2942 3070; x_wconf 87' lang='lat' dir='ltr'><strong>qui.</strong></span> 
     </span>
     <span class='ocr_line' id='line_1_22' title="bbox 831 3086 2940 3176; baseline -0.001 -21"><span class='ocrx_word' id='word_1_161' title='bbox 831 3090 1101 3176; x_wconf 88' lang='lat' dir='ltr'><strong>majoris</strong></span> <span class='ocrx_word' id='word_1_162' title='bbox 1162 3089 1571 3153; x_wconf 88' lang='lat' dir='ltr'><strong>videbantur</strong></span> <span class='ocrx_word' id='word_1_163' title='bbox 1650 3086 1888 3173; x_wconf 86' lang='lat' dir='ltr'><strong>gratiae</strong></span> <span class='ocrx_word' id='word_1_164' title='bbox 1964 3087 2318 3168; x_wconf 83' lang='lat' dir='ltr'><strong>debitores,</strong></span> <span class='ocrx_word' id='word_1_165' title='bbox 2385 3092 2454 3153; x_wconf 92' lang='lat' dir='ltr'><strong>et</strong></span> <span class='ocrx_word' id='word_1_166' title='bbox 2526 3108 2646 3173; x_wconf 91' lang='lat' dir='ltr'><strong>pro</strong></span> <span class='ocrx_word' id='word_1_167' title='bbox 2719 3088 2940 3173; x_wconf 85' lang='lat' dir='ltr'><strong>gratia</strong></span> 
     </span>
     <span class='ocr_line' id='line_1_23' title="bbox 832 3188 2938 3276; baseline 0 -21"><span class='ocrx_word' id='word_1_168' title='bbox 832 3191 1152 3257; x_wconf 88' lang='lat' dir='ltr'><strong>dicuntur</strong></span> <span class='ocrx_word' id='word_1_169' title='bbox 1198 3188 1751 3276; x_wconf 85' lang='lat' dir='ltr'><strong>ingratitudinem</strong></span> <span class='ocrx_word' id='word_1_170' title='bbox 1806 3188 2200 3275; x_wconf 86' lang='lat' dir='ltr'><strong>rependisse,</strong></span> <span class='ocrx_word' id='word_1_171' title='bbox 2245 3188 2304 3253; x_wconf 88' lang='lat' dir='ltr'><strong>si</strong></span> <span class='ocrx_word' id='word_1_172' title='bbox 2348 3189 2718 3255; x_wconf 90' lang='lat' dir='ltr'><strong>coronando</strong></span> <span class='ocrx_word' id='word_1_173' title='bbox 2763 3210 2938 3255; x_wconf 92' lang='lat' dir='ltr'><strong>novo</strong></span> 
     </span>
     <span class='ocr_line' id='line_1_24' title="bbox 828 3290 2938 3379; baseline -0.001 -22"><span class='ocrx_word' id='word_1_174' title='bbox 828 3293 985 3379; x_wconf 86' lang='lat' dir='ltr'><strong>regi,</strong></span> <span class='ocrx_word' id='word_1_175' title='bbox 1033 3296 1264 3358; x_wconf 87' lang='lat' dir='ltr'><strong>contra</strong></span> <span class='ocrx_word' id='word_1_176' title='bbox 1308 3290 1810 3358; x_wconf 72' lang='lat' dir='ltr'><strong>cantuariensis</strong></span> <span class='ocrx_word' id='word_1_177' title='bbox 1842 3290 2130 3356; x_wconf 75' lang='lat' dir='ltr'><strong>ecclesiae</strong></span> <span class='ocrx_word' id='word_1_178' title='bbox 2173 3290 2587 3377; x_wconf 86' lang='lat' dir='ltr'><strong>dignitatem,</strong></span> <span class='ocrx_word' id='word_1_179' title='bbox 2649 3312 2938 3378; x_wconf 75' lang='lat' dir='ltr'><strong>praesen-</strong></span> 
     </span>
     <span class='ocr_line' id='line_1_25' title="bbox 828 3390 2936 3477; baseline -0 -19"><span class='ocrx_word' id='word_1_180' title='bbox 828 3395 995 3459; x_wconf 86' lang='lat' dir='ltr'><strong>tiam</strong></span> <span class='ocrx_word' id='word_1_181' title='bbox 1058 3414 1248 3457; x_wconf 89' lang='lat' dir='ltr'><strong>suam</strong></span> <span class='ocrx_word' id='word_1_182' title='bbox 1294 3397 1365 3457; x_wconf 91' lang='lat' dir='ltr'><strong>et</strong></span> <span class='ocrx_word' id='word_1_183' title='bbox 1425 3390 1872 3456; x_wconf 87' lang='lat' dir='ltr'><strong>ministerium</strong></span> <span class='ocrx_word' id='word_1_184' title='bbox 1930 3391 2372 3477; x_wconf 73' lang='lat' dir='ltr'><strong>praebuerunt,</strong></span> <span class='ocrx_word' id='word_1_185' title='bbox 2419 3390 2492 3456; x_wconf 91' lang='lat' dir='ltr'><strong>in</strong></span> <span class='ocrx_word' id='word_1_186' title='bbox 2535 3392 2936 3457; x_wconf 88' lang='lat' dir='ltr'><strong>sententiam</strong></span> 
     </span>
     <span class='ocr_line' id='line_1_26' title="bbox 827 3492 2948 3579; baseline -0 -19"><span class='ocrx_word' id='word_1_187' title='bbox 827 3493 1297 3570; x_wconf 79' lang='lat' dir='ltr'><strong>anathematis,</strong></span> <span class='ocrx_word' id='word_1_188' title='bbox 1345 3494 1427 3558; x_wconf 91' lang='lat' dir='ltr'><strong>de</strong></span> <span class='ocrx_word' id='word_1_189' title='bbox 1474 3515 1609 3579; x_wconf 88' lang='lat' dir='ltr'><strong>qua</strong></span> <span class='ocrx_word' id='word_1_190' title='bbox 1650 3492 1854 3557; x_wconf 82' lang='lat' dir='ltr'><strong>soluti</strong></span> <span class='ocrx_word' id='word_1_191' title='bbox 1915 3492 2196 3571; x_wconf 85' lang='lat' dir='ltr'><strong>fuerant,</strong></span> <span class='ocrx_word' id='word_1_192' title='bbox 2242 3513 2637 3559; x_wconf 85' lang='lat' dir='ltr'><strong>revocamus.</strong></span> <span class='ocrx_word' id='word_1_193' title='bbox 2761 3493 2948 3559; x_wconf 86' lang='lat' dir='ltr'><strong>Sane·</strong></span> 
     </span>
     <span class='ocr_line' id='line_1_27' title="bbox 830 3594 2934 3682; baseline -0 -20"><span class='ocrx_word' id='word_1_194' title='bbox 830 3596 1210 3663; x_wconf 87' lang='lat' dir='ltr'><strong>Roffensem</strong></span> <span class='ocrx_word' id='word_1_195' title='bbox 1265 3594 1665 3681; x_wconf 89' lang='lat' dir='ltr'><strong>episcopum,</strong></span> <span class='ocrx_word' id='word_1_196' title='bbox 1712 3595 2038 3661; x_wconf 85' lang='lat' dir='ltr'><strong>vicarium</strong></span> <span class='ocrx_word' id='word_1_197' title='bbox 2097 3600 2313 3671; x_wconf 89' lang='lat' dir='ltr'><strong>tuum,</strong></span> <span class='ocrx_word' id='word_1_198' title='bbox 2357 3596 2477 3681; x_wconf 89' lang='lat' dir='ltr'><strong>qui</strong></span> <span class='ocrx_word' id='word_1_199' title='bbox 2535 3616 2657 3682; x_wconf 90' lang='lat' dir='ltr'><strong>pro</strong></span> <span class='ocrx_word' id='word_1_200' title='bbox 2701 3600 2821 3662; x_wconf 88' lang='lat' dir='ltr'><strong>tua</strong></span> <span class='ocrx_word' id='word_1_201' title='bbox 2863 3603 2934 3661; x_wconf 87' lang='lat' dir='ltr'><strong>et</strong></span> 
     </span>
     <span class='ocr_line' id='line_1_28' title="bbox 828 3683 2931 3780; baseline 0 -17"><span class='ocrx_word' id='word_1_202' title='bbox 828 3697 1117 3763; x_wconf 77' lang='lat' dir='ltr'><strong>ecclesiae</strong></span> <span class='ocrx_word' id='word_1_203' title='bbox 1178 3700 1316 3761; x_wconf 79' lang='lat' dir='ltr'><strong>tuse</strong></span> <span class='ocrx_word' id='word_1_204' title='bbox 1382 3696 1656 3780; x_wconf 86' lang='lat' dir='ltr'><strong>justitia</strong></span> <span class='ocrx_word' id='word_1_205' title='bbox 1716 3696 2132 3761; x_wconf 87' lang='lat' dir='ltr'><strong>constantius</strong></span> <span class='ocrx_word' id='word_1_206' title='bbox 2178 3697 2496 3763; x_wconf 89' lang='lat' dir='ltr'><strong>debuerat</strong></span> <span class='ocrx_word' id='word_1_207' title='bbox 2557 3683 2931 3779; x_wconf 73' lang='lat' dir='ltr'><strong>decertat-03</strong></span> 
     </span>
     <span class='ocr_line' id='line_1_29' title="bbox 826 3796 2930 3866; baseline 0 0"><span class='ocrx_word' id='word_1_208' title='bbox 826 3821 950 3866; x_wconf 87' lang='lat' dir='ltr'><strong>nec</strong></span> <span class='ocrx_word' id='word_1_209' title='bbox 990 3819 1128 3865; x_wconf 92' lang='lat' dir='ltr'><strong>non</strong></span> <span class='ocrx_word' id='word_1_210' title='bbox 1174 3804 1243 3863; x_wconf 86' lang='lat' dir='ltr'><strong>et</strong></span> <span class='ocrx_word' id='word_1_211' title='bbox 1276 3797 1689 3863; x_wconf 85' lang='lat' dir='ltr'><strong>Gaufredum</strong></span> <span class='ocrx_word' id='word_1_212' title='bbox 1712 3796 1740 3837; x_wconf 76' lang='lat'>⁸</span> <span class='ocrx_word' id='word_1_213' title='bbox 1787 3798 1983 3864; x_wconf 88' lang='lat' dir='ltr'><strong>Ridel</strong></span> <span class='ocrx_word' id='word_1_214' title='bbox 2029 3798 2574 3865; x_wconf 85' lang='lat' dir='ltr'><strong>Cantuariensem</strong></span> <span class='ocrx_word' id='word_1_215' title='bbox 2604 3799 2930 3866; x_wconf 86' lang='lat' dir='ltr'><strong>archidia-</strong></span> 
     </span>
     <span class='ocr_line' id='line_1_30' title="bbox 824 3898 2927 3988; baseline -0 -20"><span class='ocrx_word' id='word_1_216' title='bbox 824 3923 1083 3978; x_wconf 89' lang='lat' dir='ltr'><strong>conum,</strong></span> <span class='ocrx_word' id='word_1_217' title='bbox 1136 3900 1252 3986; x_wconf 89' lang='lat' dir='ltr'><strong>qui</strong></span> <span class='ocrx_word' id='word_1_218' title='bbox 1302 3898 1501 3983; x_wconf 91' lang='lat' dir='ltr'><strong>(sicut</strong></span> <span class='ocrx_word' id='word_1_219' title='bbox 1560 3898 1854 3983; x_wconf 86' lang='lat' dir='ltr'><strong>dicitur,)</strong></span> <span class='ocrx_word' id='word_1_220' title='bbox 1917 3900 1990 3963; x_wconf 88' lang='lat' dir='ltr'><strong>in</strong></span> <span class='ocrx_word' id='word_1_221' title='bbox 2057 3905 2336 3966; x_wconf 88' lang='lat' dir='ltr'><strong>matrem</strong></span> <span class='ocrx_word' id='word_1_222' title='bbox 2406 3922 2596 3967; x_wconf 87' lang='lat' dir='ltr'><strong>suam</strong></span> <span class='ocrx_word' id='word_1_223' title='bbox 2655 3902 2927 3988; x_wconf 86' lang='lat' dir='ltr'><strong>gravius</strong></span> 
     </span>
     <span class='ocr_line' id='line_1_31' title="bbox 826 4000 2928 4077; baseline -0.001 -8"><span class='ocrx_word' id='word_1_224' title='bbox 826 4002 1291 4077; x_wconf 86' lang='lat' dir='ltr'><strong>debacchatur,</strong></span> <span class='ocrx_word' id='word_1_225' title='bbox 1360 4006 1430 4065; x_wconf 92' lang='lat' dir='ltr'><strong>et</strong></span> <span class='ocrx_word' id='word_1_226' title='bbox 1496 4000 2200 4068; x_wconf 85' lang='lat' dir='ltr'><strong>excommunicationis</strong></span> <span class='ocrx_word' id='word_1_227' title='bbox 2273 4022 2316 4067; x_wconf 90' lang='lat' dir='ltr'><strong>a</strong></span> <span class='ocrx_word' id='word_1_228' title='bbox 2383 4007 2452 4067; x_wconf 89' lang='lat' dir='ltr'><strong>te</strong></span> <span class='ocrx_word' id='word_1_229' title='bbox 2520 4002 2726 4067; x_wconf 86' lang='lat' dir='ltr'><strong>latam</strong></span> <span class='ocrx_word' id='word_1_230' title='bbox 2756 4002 2785 4042; x_wconf 79' lang='lat'><strong>⁴</strong></span> <span class='ocrx_word' id='word_1_231' title='bbox 2855 4003 2928 4067; x_wconf 91' lang='lat' dir='ltr'><strong>in</strong></span> 
     </span>
     <span class='ocr_line' id='line_1_32' title="bbox 822 4092 2924 4191; baseline -0 -22"><span class='ocrx_word' id='word_1_232' title='bbox 822 4106 1041 4191; x_wconf 88' lang='lat' dir='ltr'><strong>ipsum</strong></span> <span class='ocrx_word' id='word_1_233' title='bbox 1094 4102 1494 4169; x_wconf 88' lang='lat' dir='ltr'><strong>sententiam</strong></span> <span class='ocrx_word' id='word_1_234' title='bbox 1558 4102 1833 4187; x_wconf 82' lang='lat' dir='ltr'><strong>spernit,</strong></span> <span class='ocrx_word' id='word_1_235' title='bbox 1879 4122 2075 4187; x_wconf 90' lang='lat' dir='ltr'><strong>quam</strong></span> <span class='ocrx_word' id='word_1_236' title='bbox 2138 4122 2260 4167; x_wconf 91' lang='lat' dir='ltr'><strong>nos</strong></span> <span class='ocrx_word' id='word_1_237' title='bbox 2303 4106 2524 4167; x_wconf 85' lang='lat' dir='ltr'><strong>ratam</strong></span> <span class='ocrx_word' id='word_1_238' title='bbox 2551 4092 2560 4104; x_wconf 78' lang='grc'><strong><em>’</em></strong></span> <span class='ocrx_word' id='word_1_239' title='bbox 2584 4101 2924 4183; x_wconf 88' lang='lat' dir='ltr'><strong>habemus,</strong></span> 
     </span>
     <span class='ocr_line' id='line_1_33' title="bbox 821 4201 2922 4290; baseline -0.001 -19"><span class='ocrx_word' id='word_1_240' title='bbox 821 4211 892 4271; x_wconf 89' lang='lat' dir='ltr'><strong>et</strong></span> <span class='ocrx_word' id='word_1_241' title='bbox 921 4203 1314 4272; x_wconf 86' lang='lat' dir='ltr'><strong>auctoritate</strong></span> <span class='ocrx_word' id='word_1_242' title='bbox 1356 4201 1715 4287; x_wconf 87' lang='lat' dir='ltr'><strong>apostolica</strong></span> <span class='ocrx_word' id='word_1_243' title='bbox 1744 4202 2208 4269; x_wconf 85' lang='lat' dir='ltr'><strong>confirmamus</strong></span> <span class='ocrx_word' id='word_1_244' title='bbox 2235 4234 2251 4280; x_wconf 69' lang='grc' dir='ltr'>ς</span> <span class='ocrx_word' id='word_1_245' title='bbox 2301 4202 2628 4270; x_wconf 89' lang='lat' dir='ltr'><strong>vicarium</strong></span> <span class='ocrx_word' id='word_1_246' title='bbox 2661 4224 2922 4290; x_wconf 89' lang='lat' dir='ltr'><strong>quoque</strong></span> 
     </span>
     <span class='ocr_line' id='line_1_34' title="bbox 823 4301 2924 4405; baseline -0.001 -33"><span class='ocrx_word' id='word_1_247' title='bbox 823 4308 965 4394; x_wconf 87' lang='lat' dir='ltr'><strong>ejus</strong></span> <span class='ocrx_word' id='word_1_248' title='bbox 1049 4306 1467 4383; x_wconf 83' lang='lat' dir='ltr'><strong>Robertum3</strong></span> <span class='ocrx_word' id='word_1_249' title='bbox 1543 4307 1614 4405; x_wconf 82' lang='lat' dir='ltr'><strong>et</strong></span> <span class='ocrx_word' id='word_1_250' title='bbox 1685 4301 2119 4369; x_wconf 82' lang='lat' dir='ltr'><strong>Godefridum</strong></span> <span class='ocrx_word' id='word_1_251' title='bbox 2151 4304 2177 4343; x_wconf 80' lang='lat'><strong>⁶</strong></span> <span class='ocrx_word' id='word_1_252' title='bbox 2260 4304 2639 4391; x_wconf 87' lang='lat' dir='ltr'><strong>episcopum</strong></span> <span class='ocrx_word' id='word_1_253' title='bbox 2687 4304 2924 4373; x_wconf 86' lang='lat' dir='ltr'><strong>Sancti</strong></span> 
     </span>
    </p>
   </div>
   <div class='ocr_carea' id='block_1_10' title="bbox 821 4526 2882 4827">
    <p class='ocr_par' dir='ltr' id='par_1_10' title="bbox 886 4526 2882 4755">
     <span class='ocr_line' id='line_1_35' title="bbox 889 4526 2882 4596; baseline -0.002 -10"><span class='ocrx_word' id='word_1_254' title='bbox 889 4536 907 4569; x_wconf 87' lang='lat'>¹</span> <span class='ocrx_word' id='word_1_255' title='bbox 949 4534 1242 4591; x_wconf 69' lang='lat' dir='ltr'><strong>Timm‘mas,</strong></span> <span class='ocrx_word' id='word_1_256' title='bbox 1260 4530 1322 4591; x_wconf 88' lang='lat' dir='ltr'><strong>O,</strong></span> <span class='ocrx_word' id='word_1_257' title='bbox 1339 4531 1380 4580; x_wconf 91' lang='lat' dir='ltr'>Z</span> <span class='ocrx_word' id='word_1_258' title='bbox 1399 4550 1415 4590; x_wconf 87' lang='lat'>;</span> <span class='ocrx_word' id='word_1_259' title='bbox 1438 4528 1750 4591; x_wconf 64' lang='lat' dir='ltr'><strong>Evina-imm,</strong></span> <span class='ocrx_word' id='word_1_260' title='bbox 1764 4526 1828 4579; x_wconf 82' lang='lat' dir='ltr'><strong>L.</strong></span> <span class='ocrx_word' id='word_1_261' title='bbox 1986 4529 2009 4562; x_wconf 86' lang='lat'><strong>⁴</strong></span> <span class='ocrx_word' id='word_1_262' title='bbox 2041 4528 2301 4580; x_wconf 63' lang='lat' dir='ltr'><strong>stellatam</strong></span> <span class='ocrx_word' id='word_1_263' title='bbox 2327 4530 2435 4595; x_wconf 75' lang='lat' dir='ltr'><strong>(for</strong></span> <span class='ocrx_word' id='word_1_264' title='bbox 2457 4547 2492 4580; x_wconf 88' lang='grc' dir='ltr'><strong><em>α</em></strong></span> <span class='ocrx_word' id='word_1_265' title='bbox 2515 4538 2566 4582; x_wconf 77' lang='lat' dir='ltr'><strong>te</strong></span> <span class='ocrx_word' id='word_1_266' title='bbox 2585 4530 2787 4596; x_wconf 72' lang='lat' dir='ltr'><strong>latam),</strong></span> <span class='ocrx_word' id='word_1_267' title='bbox 2811 4533 2882 4584; x_wconf 88' lang='lat' dir='ltr'><strong>V.</strong></span> 
     </span>
     <span class='ocr_line' id='line_1_36' title="bbox 887 4607 2842 4675; baseline -0.001 -12"><span class='ocrx_word' id='word_1_268' title='bbox 887 4614 910 4647; x_wconf 82' lang='lat'>²</span> <span class='ocrx_word' id='word_1_269' title='bbox 941 4613 1099 4670; x_wconf 78' lang='lat' dir='ltr'><strong>nobis,</strong></span> <span class='ocrx_word' id='word_1_270' title='bbox 1123 4611 1187 4671; x_wconf 92' lang='grc' dir='ltr'><strong>Ο,</strong></span> <span class='ocrx_word' id='word_1_271' title='bbox 1210 4610 1286 4671; x_wconf 84' lang='lat' dir='ltr'><strong>Z;</strong></span> <span class='ocrx_word' id='word_1_272' title='bbox 1320 4608 1480 4668; x_wconf 79' lang='lat' dir='ltr'><strong>vobis,</strong></span> <span class='ocrx_word' id='word_1_273' title='bbox 1500 4608 1562 4657; x_wconf 86' lang='lat' dir='ltr'><strong>L.</strong></span> <span class='ocrx_word' id='word_1_274' title='bbox 1986 4608 2007 4641; x_wconf 82' lang='lat'><strong>⁶</strong></span> <span class='ocrx_word' id='word_1_275' title='bbox 2051 4607 2402 4675; x_wconf 60' lang='lat' dir='ltr'><strong>Godqfiidum,</strong></span> <span class='ocrx_word' id='word_1_276' title='bbox 2425 4609 2466 4659; x_wconf 93' lang='lat' dir='ltr'>Z</span> <span class='ocrx_word' id='word_1_277' title='bbox 2483 4632 2500 4673; x_wconf 69' lang='grc' dir='ltr'><strong>ς</strong></span> <span class='ocrx_word' id='word_1_278' title='bbox 2539 4610 2593 4662; x_wconf 79' lang='lat' dir='ltr'><strong><em>G</em></strong></span> <span class='ocrx_word' id='word_1_279' title='bbox 2627 4646 2642 4661; x_wconf 88' lang='lat'><strong>.</strong></span> <span class='ocrx_word' id='word_1_280' title='bbox 2678 4647 2691 4661; x_wconf 91' lang='lat'><strong>.</strong></span> <span class='ocrx_word' id='word_1_281' title='bbox 2728 4645 2760 4674; x_wconf 89' lang='lat'><strong>.,</strong></span> <span class='ocrx_word' id='word_1_282' title='bbox 2781 4610 2842 4663; x_wconf 81' lang='lat' dir='ltr'><strong>L.</strong></span> 
     </span>
     <span class='ocr_line' id='line_1_37' title="bbox 886 4685 1831 4755; baseline -0.01 -12"><span class='ocrx_word' id='word_1_283' title='bbox 886 4694 909 4727; x_wconf 80' lang='lat'>³</span> <span class='ocrx_word' id='word_1_284' title='bbox 950 4688 1251 4755; x_wconf 59' lang='grc' dir='ltr'><strong>θανῇ-σάω</strong></span> <span class='ocrx_word' id='word_1_285' title='bbox 1288 4724 1301 4737; x_wconf 93' lang='grc'><strong>.</strong></span> <span class='ocrx_word' id='word_1_286' title='bbox 1339 4724 1352 4737; x_wconf 93' lang='grc'><strong>.</strong></span> <span class='ocrx_word' id='word_1_287' title='bbox 1389 4724 1402 4737; x_wconf 93' lang='grc'><strong>.</strong></span> <span class='ocrx_word' id='word_1_288' title='bbox 1438 4685 1831 4737; x_wconf 60' lang='lat' dir='ltr'><strong>Cautum-ienis</strong></span> 
     </span>
    </p>

    <p class='ocr_par' dir='ltr' id='par_1_11' title="bbox 821 4766 1321 4827">
     <span class='ocr_line' id='line_1_38' title="bbox 821 4766 1321 4827; baseline -0.016 -4"><span class='ocrx_word' id='word_1_289' title='bbox 821 4768 1235 4827; x_wconf 69' lang='lat' dir='ltr'><strong>archidiaconus,</strong></span> <span class='ocrx_word' id='word_1_290' title='bbox 1258 4766 1321 4816; x_wconf 86' lang='lat' dir='ltr'><strong>L.</strong></span> 
     </span>
    </p>
   </div>
  </div>
 </body>
</html>
