3634 5800
834 878 964 943 396
1714 892 2072 943 Ems’romn.
2561 876 2718 961 [sn.
2757 876 2945 945 1170.

494 1086 605 1138 The
624 1087 806 1136 monks
831 1080 1118 1146 ecclesiae
1180 1082 1423 1145 vestrae
1490 1084 1912 1165 prospectum
1983 1098 2122 1143 esse
2186 1076 2392 1142 vultis
2459 1078 2531 1141 in
2595 1082 2949 1193 posterum,

494 1155 763 1270 agesgnltzlod
830 1182 1005 1267 patri
1074 1186 1295 1247 vestro
1364 1179 1707 1256 occurrite,
1783 1184 1856 1245 et
1921 1180 1994 1243 in
2059 1178 2364 1296 partibus
2429 1178 2818 1257 cistam-iaie,
2891 1179 2947 1243 si

494 1285 601 1335 him
621 1302 805 1350 money
831 1284 994 1369 quid
1038 1283 1213 1360 fidei,
1284 1284 1340 1347 si
1406 1282 1569 1368 quid
1636 1282 1967 1359 amicitiae,
2035 1282 2095 1363 si
2163 1280 2326 1367 quid
2389 1281 2764 1347 devotionis
2829 1288 2950 1346 aut

496 1356 733 1469 ῗνῖῗοξᾏρ
831 1386 1087 1453 consilii
1134 1392 1253 1462 ost,
1298 1386 1751 1451 transmittere
1796 1406 1932 1450 non
1993 1384 2316 1449 differatis
2386 1384 2564 1449 unde
2608 1406 2680 1449 se
2739 1384 2950 1471 possit

495 1484 616 1535 him.
833 1511 1209 1567 exonerare,
1255 1493 1325 1553 et
1374 1488 1560 1554 vobis
1604 1492 1926 1574 perpetuo
1973 1492 2283 1554 teneatur
2312 1486 2655 1553 obnoxius.
2747 1486 2946 1552 Redi-

832 1592 995 1657 mite
1041 1591 1151 1658 vel
1194 1612 1373 1656 nunc
1416 1612 1685 1667 moram,
1730 1612 1814 1655 ne
1861 1590 2032 1655 forte
2075 1590 2163 1656 ad
2229 1612 2298 1656 se
2363 1589 2751 1656 inevitabile
2807 1589 2947 1675 jac-

498 1678 791 1793 }{ffffiv‘
835 1700 1004 1761 turae
1058 1716 1279 1759 rerum
1343 1699 1413 1758 et
1474 1693 1668 1758 famae
1740 1692 2108 1778 periculum
2178 1692 2418 1757 trahat.
2512 1692 2601 1757 In
2649 1692 2950 1757 Historia

502 1809 725 1875 (Migne‚
834 1796 899 1860 N
904 1817 1179 1861 ovorum
1248 1795 1462 1881 reperi
1538 1795 1906 1860 decessores
1971 1798 2224 1861 vestros
2287 1794 2534 1881 primos
2598 1794 2947 1861 occurrisse

499 1876 620 1926 ⁰¹³¹·
645 1878 787 1937 4⁶4³
836 1897 1205 1964 revertenti
1280 1898 1365 1961 ab
1443 1896 1679 1962 exsilio
1756 1897 1939 1982 patri
2014 1896 2370 1977 Anselm03
2445 1896 2757 1983 nunquid
2831 1918 2949 1961 vos

835 2001 1185 2087 degeneres
1230 2000 1433 2077 eritis,
1484 2006 1559 2064 ut
1604 1999 1773 2063 nihil
1822 1998 2046 2065 solatii
2090 2004 2211 2065 aut
2255 2000 2602 2063 minimum
2652 2000 2738 2065 ad
2760 1999 2783 2038 ¹
2830 2020 2948 2063 vos

834 2103 1321 2168 revertentibus
1368 2102 1545 2187 patri
1592 2108 1663 2167 et
1706 2101 2026 2166 fratribus
2071 2101 2472 2167 conferatis?
2559 2100 2761 2166 Absit
2829 2102 2950 2167 hoc

835 2229 1091 2293 semper
1156 2228 1199 2274 a
1260 2208 1476 2293 prima
1538 2206 2042 2272 Britanniamm
2087 2206 2240 2272 sede
2307 2206 2795 2286 Cantuariensi,
2863 2228 2947 2273 ne

834 2314 974 2374 tam
994 2310 1244 2374 foedum
1265 2309 1479 2395 operis
1510 2308 1764 2387 vestri?
1792 2315 1934 2375 tam
1966 2308 2423 2387 inhumanum,
2453 2314 2523 2373 et
2541 2309 2947 2387 indevotum,

836 2416 905 2475 et
948 2411 1519 2497 indisciplinatum
1566 2411 1946 2497 exemplum
1994 2410 2413 2477 transmittat
2457 2411 2542 2476 ad
2607 2408 2949 2497 posteros?

835 2512 1041 2578 Dolor
1101 2518 1170 2578 et
1232 2514 1445 2579 cordis
1514 2513 1829 2599 angustia
1895 2534 2019 2590 me,
2067 2514 2256 2577 vobis
2304 2510 2820 2599 compatientem
2883 2518 2951 2576 et

836 2615 1182 2681 timentem
1228 2636 1314 2680 ne
1359 2636 1444 2679 ex
1489 2614 2044 2700 pusillanimitate
2091 2619 2160 2679 et
2203 2616 2466 2681 tenacia
2511 2613 2946 2700 quorumdam

837 2716 1043 2802 (quod
1090 2716 1272 2782 Deus
1302 2716 1593 2801 avertat)
1642 2716 1914 2782 ecclesia
1958 2716 2084 2781 Dei
2132 2716 2480 2782 contrahat
2523 2715 2946 2803 opprobrium

836 2818 1329 2906 sempiternum,
1374 2820 1657 2885 scribere
1702 2840 1838 2884 non
1884 2820 2240 2907 patiuntur
2284 2818 2508 2884 omnia
2553 2840 2701 2905 quse
2771 2818 2950 2884 locus

838 2927 907 2986 et
951 2943 1147 2988 causa
1192 2923 1477 3009 ingerit;
1524 2922 1653 3000 sed,
1702 2927 1782 2986 ut
1826 2922 2133 2998 arbitror,
2165 2921 2382 2986 Deum
2430 2919 2847 2999 timentibuS,
2879 2926 2948 2985 et

837 3023 1265 3109 sapientibus
1312 3028 1383 3090 et
1412 3023 1794 3090 amantibus
1838 3024 2275 3100 honestatem,
2321 3022 2483 3088 satis
2531 3022 2785 3088 dictum
2830 3028 2944 3088 est.

838 3127 1180 3192 Hactenus
1224 3149 1378 3213 ergo
1424 3128 1667 3193 amicos
1712 3126 2182 3214 praemonuisse
2229 3124 2526 3192 sufficiat.
2621 3125 2765 3192 Nec
2828 3126 2948 3190 du·

837 3228 980 3293 bito
1026 3229 1191 3313 quin
1254 3229 1634 3294 amantibus
1677 3229 1978 3294 caritatis
2047 3228 2364 3294 reddatur
2407 3228 2677 3305 fructuS,
2747 3232 2817 3291 et
2879 3228 2948 3290 in

835 3329 1068 3395 surdos
1100 3324 1209 3415 (ut
1240 3329 1453 3395 veteri
1498 3329 1854 3416 proverbio
1899 3328 2032 3394 dici
2075 3329 2270 3414 solet)
2309 3327 2516 3393 “faba
2561 3326 2898 3394 cudatur.”
2923 3326 2950 3364 ⁴

836 3417 1086 3511 Wlete,
1134 3434 1343 3499 vestri
1389 3438 1458 3498 et
1502 3434 1714 3498 nostri
1760 3455 2080 3498 memores
2125 3433 2198 3496 in
2242 3430 2536 3498 caritate.

1033 3597 1068 3602 —.
1093 3599 1120 3602 —
1139 3597 1296 3604 -.--..—-—
1321 3598 1425 3604 ——-
1445 3598 1537 3604 ———-

906 3683 921 3716 ¹
958 3681 1042 3746 ad,
1068 3685 1125 3742 Z,
1152 3685 1229 3743 L;
1265 3691 1311 3734 et
1336 3701 1433 3733 non
1450 3683 1732 3744 secundum,
1756 3683 1823 3735 G.
2011 3683 2034 3715 ³
2063 3689 2312 3748 pastores,
2335 3679 2402 3730 L.

900 3761 923 3795 2
957 3763 1125 3828 operis
1168 3763 1341 3824 vestri,
1382 3763 1443 3825 Z,
1479 3765 1555 3824 L3
1608 3763 1844 3829 temporie
2011 3761 2032 3794 ⁴
2067 3767 2099 3792 “
2118 3761 2276 3811 istaec
2321 3761 2374 3809 in
2409 3777 2483 3810 me
2521 3759 2734 3810 cudetur
2752 3757 2950 3824 faba.’'

835 3843 1007 3904 nostri,
1037 3842 1103 3893 G.
1943 3841 2060 3892 Ter.
