3634 5800
663 866 795 916 Aa).
830 847 1057 932 1170]
1552 859 1915 908 Eris-rom.
2630 838 2762 902 313

658 1050 987 1118 crebuerit
1040 1047 1247 1114 nolite
1292 1048 1543 1126 timere,
1575 1047 1735 1132 quia
1780 1045 2108 1111 Dominus
2155 1042 2470 1129 supponit
2501 1063 2768 1108 manum

657 1176 867 1222 suam.
960 1150 1237 1228 Valete‚¹
1281 1157 1352 1217 et
1397 1151 1661 1216 utinam
1706 1148 2018 1214 valeretis
2052 1152 2376 1232 quantum
2423 1145 2586 1211 volo.

1512 1576 1817 1644 DCLXX
1827 1575 1940 1642 IV.

888 1729 1331 1794 Ammnno
1378 1744 1571 1793 PAPAE
1620 1727 2060 1792 Wmmmms
2107 1726 2539 1792 Ssnoxsnffls

1420 1844 2028 1894 Ascnmmscorus

826 1982 923 2042 (A.
948 1985 1065 2043 266,
1088 1983 1221 2048 2715
1261 1979 1325 2031 Ο.
1350 1980 1404 2030 ii.
1429 1983 1527 2030 255
1550 2001 1563 2039 ς
1601 1979 1661 2030 Ζ.
1684 1995 1733 2029 v.
1758 1983 1822 2028 25
1843 2001 1857 2038 ς
1893 1979 2028 2042 Lup.
2053 1994 2100 2028 v.
2126 1982 2220 2034 253
2257 1977 2438 2026 Thom.
2463 1977 2605 2034 329.)

758 2107 1029 2184 Audiat,
1058 2108 1477 2174 sanctissime
1524 2113 1728 2194 pater,
1759 2105 2151 2174 excellentia
2180 2111 2403 2171 vestra
2445 2103 2777 2190 patienter
2799 2115 3038 2194 {ndigna-

668 2207 845 2293 quod
911 2209 1263 2294 loquimur,
1324 2209 1483 2296 quia
1546 2210 1617 2273 in
1689 2208 2130 2273 amaritudine
2200 2211 2494 2272 moratur
2554 2205 2776 2270 anima
2799 2189 3064 2298 *ἐζξοζζω

666 2315 910 2385 nostra,
955 2315 1025 2374 et
1086 2315 1225 2375 tam
1298 2311 1581 2376 devotus
1642 2309 1821 2374 filius
1888 2314 2109 2374 vester
2175 2307 2774 2374 christianissimus
2799 2312 3085 2364 absolutiora

666 2431 786 2474 rex
832 2409 1250 2488 Francorum,
1298 2433 1504 2498 quam
1547 2418 1692 2478 tota
1753 2409 2096 2477 Gallicana
2155 2410 2423 2477 ecclesia
2466 2409 2776 2475 turbatur
2799 2379 3012 2496 ἓξξοζξῗ

670 2531 711 2576 a
755 2511 1079 2577 scandalis
1146 2533 1295 2599 quae
1360 2515 1432 2578 in
1496 2513 1728 2578 diebus
1796 2513 2203 2598 apostolatus
2250 2511 2456 2576 vestri
2501 2514 2775 2576 manant
2799 2511 2925 2561 tion.

668 2612 755 2678 ab
799 2614 1157 2700 apostolica
1227 2616 1419 2694 sede;
1488 2615 1811 2701 siquidem
1861 2619 1969 2700 (ut
2026 2619 2354 2679 nostrates
2417 2613 2632 2698 aiunt)
2681 2611 2776 2676 ibi

668 2713 953 2778 solvitur
997 2714 1327 2781 Sathanas
1374 2716 1447 2780 in
1492 2717 1851 2802 perniciem
1913 2716 2121 2782 totius
2167 2715 2492 2792 ecclesiae3
2537 2714 2776 2779 iterato

672 2813 1081 2903 crucifigitur
1150 2816 1475 2894 Christus,
1520 2827 1589 2883 et
1655 2819 1771 2905 qui
1843 2817 2232 2882 manifestus
2278 2815 2631 2903 sacrilegus
2676 2821 2778 2879 est

672 2918 741 2979 et
831 2915 1159 2984 homicida
1250 2919 1321 2984 di
1332 2921 1638 2988 mittitur.
1809 2919 2315 2985 Procuravimus
2389 2918 2566 3003 apud
2659 2938 2773 2981 vos

672 3036 935 3083 causam
980 3020 1265 3085 eeclesiae
1312 3022 1716 3108 Anglicanae,
1768 3028 1837 3087 et
1863 3020 1888 3057 ²
1949 3022 2023 3085 in
2088 3020 2374 3084 discessu
2441 3024 2668 3083 nostro
2713 3017 2774 3082 ei

672 3118 1095 3185 credebamus
1164 3121 1585 3208 aliquatenus
1654 3144 1792 3189 esse
1857 3122 2275 3187 subventum.
2367 3119 2612 3184 Verum
2660 3118 2775 3182 ubi

672 3220 1196 3288 Londoniensem
1264 3224 1669 3311 episcopum,
1747 3223 1942 3289 nobis
1989 3221 2464 3311 ignorantibus,
2523 3219 2775 3287 fecistis

675 3321 945 3400 absolvi,
992 3346 1096 3392 res
1160 3326 1233 3390 in
1299 3326 1704 3393 contrarium
1767 3326 1958 3411 lapsa
2021 3329 2139 3401 est,
2185 3329 2255 3390 et
2322 3344 2564 3390 cornua
2617 3322 2775 3388 data

676 3430 835 3489 sunt
879 3429 1218 3512 peccatori.
1314 3428 1479 3495 Ecce
1527 3429 1703 3494 enim
1750 3450 1868 3493 rex
1937 3426 2066 3506 ille,
2114 3428 2219 3493 cui
2283 3426 2482 3490 nimis
2547 3420 2774 3486 fuistis
2801 3446 2934 3499 mm
2951 3448 3119 3497 notice

676 3524 1021 3611 propitius,
1066 3527 1279 3593 filium
1344 3550 1540 3594 suum
1605 3529 1965 3595 consecrari
2030 3529 2188 3593 fecit
2255 3527 2326 3591 in
2371 3546 2630 3611 regem3
2689 3520 2775 3606 (si
2801 3513 3120 3630 Οἲξιξξιθθΐῡ·

677 3631 901 3691 tamen
974 3630 1373 3695 consecratio
1463 3636 1564 3695 est
1639 3652 1789 3716 quae
1879 3630 1965 3696 ab
2055 3625 2634 3695 excommunicatis
2711 3627 2780 3689 et
2803 3597 2866 3631 Μ
2982 3616 2992 3627 ’

680 3724 971 3811 Spiritus
1041 3729 1270 3796 Sancti
1346 3730 1631 3796 inimicis
1708 3737 1775 3796 et
1851 3730 2136 3797 ecclesiae
2210 3724 2779 3814 impugnatoribus

684 3827 907 3913 datur)
957 3835 1025 3895 et
1090 3830 1215 3897 hoc
1268 3832 1341 3895 in
1409 3832 1725 3918 injuriam
1794 3831 2298 3897 cantuariensis
2365 3827 2668 3901 ecclesiae,
2714 3831 2782 3891 et

682 3928 933 3995 domini
978 3932 1149 4018 regis
1196 3932 1514 4011 Franeiae,
1560 3934 1749 4020 cujus
1792 3934 2000 3999 filiam
2048 3933 2264 3999 noluit
2309 3952 2427 3995 rex
2473 3929 2602 4005 ille,
2639 3928 2781 3993 Deo

684 4036 751 4096 et
818 4032 1199 4099 hominibus
1264 4035 1590 4112 inimicuS,
1636 4036 2140 4102 consecrationis
2203 4032 2404 4118 hujus
2449 4052 2587 4096 esse
2633 4050 2780 4115 par-

680 4135 965 4221 ticipem.
1088 4136 1285 4203 Hanc
1364 4139 1932 4215 consecrationem,
2011 4136 2118 4203 vel
2193 4137 2414 4223 potius
2490 4152 2782 4198 exsecra-

686 4236 955 4314 tionem,
1000 4236 1157 4303 fecit
1216 4238 1327 4302 ille
1387 4239 1501 4303 ille
1524 4236 1551 4277 ³
1609 4239 2054 4316 EboraeensiS‚
2101 4243 2336 4313 vestra,
2398 4240 2478 4301 ut
2537 4234 2785 4307 dieunt,

689 4339 1099 4414 auctoritate,
1162 4340 1627 4405 assistentibus
1688 4340 1813 4404 sibi
1877 4340 2320 4406 Londoniensi
2386 4344 2454 4404 et
2519 4334 2786 4423 quibus-

751 4562 767 4594 ¹
816 4560 991 4613 Valde
1013 4569 1061 4613 et
1082 4564 1271 4614 atim
1305 4601 1319 4614 .
1354 4602 1368 4616 .
1406 4602 1419 4615 .
1454 4564 1581 4625 volo,
1606 4566 1685 4625 A3
1849 4563 1873 4597 ⁸
1909 4562 2008 4621 ille.
2047 4563 2152 4624 ille,
2193 4564 2258 4624 Ο,
2296 4565 2338 4615 Ζ
2357 4587 2370 4623 3
2423 4564 2509 4614 ille
2551 4567 2790 4628 (without

688 4658 789 4692 om.
814 4644 873 4702 Z,
896 4643 959 4692 L.
1786 4642 2107 4708 repetition),
2130 4644 2188 4694 L.

752 4720 775 4753 ²
808 4728 875 4783 et,
896 4736 998 4771 om.
1023 4725 1122 4774 A*.
