3634 5800
876 847 1009 915 362
1752 862 2111 912 nris‘roLAE.
2593 846 2753 932 [mn.
2787 845 2980 916 1170.

875 1050 1067 1116 nobis
1128 1050 1333 1116 etiam
1396 1052 1773 1119 tacentibus
1835 1048 2344 1139 recognoscitis‚¹
2427 1056 2497 1116 et
2573 1050 2831 1117 utinam
2900 1072 2978 1117 eo

876 1152 1413 1238 compateremini
1492 1154 1789 1219 caritatis
1835 1153 2096 1231 affectu,
2161 1175 2292 1239 quo
2351 1153 2424 1217 in
2499 1152 2624 1219 tali
2669 1154 2731 1219 ei
2777 1174 2977 1219 causa

874 1255 1164 1341 compati
1208 1259 1557 1340 oporteret.
1650 1255 1786 1319 Vos
1849 1260 2076 1321 autem
2099 1252 2126 1293 2
2186 1275 2322 1320 non
2369 1255 2584 1321 solum
2629 1256 2692 1320 ei
2735 1253 2975 1319 frater-

874 1378 1037 1421 num
1100 1354 1527 1422 subtraxistis
1592 1356 1935 1433 auxilium,
2018 1356 2134 1421 sed
2209 1378 2406 1443 super
2469 1356 2760 1423 dolorem
2827 1356 2976 1421 vul-

875 1480 1107 1523 nerum
1151 1459 1362 1545 ipsius
1424 1456 1790 1525 addidistis.
1887 1457 2056 1524 Cum
2123 1457 2300 1523 enim
2357 1458 2502 1544 jam
2569 1457 2785 1525 dictus
2854 1479 2976 1523 rex

874 1560 1088 1625 filium
1134 1582 1327 1627 suum
1396 1581 1609 1646 nuper
1670 1560 1970 1627 coronari
2036 1560 2341 1638 voluerit,
2389 1564 2460 1625 et
2501 1556 2628 1625 hoc
2671 1560 2756 1625 de
2799 1560 2972 1625 anti-

876 1683 1007 1748 quo
1043 1662 1196 1746 jure
1240 1660 1329 1727 ad
1378 1658 1934 1727 Cantuariensem
1981 1666 2296 1727 noscatur
2317 1660 2344 1701 ³
2400 1658 2970 1747 archiepiscopum

874 1763 1224 1849 pertinere,
1268 1783 1405 1843 vos,
1461 1762 1604 1847 jam
1671 1761 1838 1828 dicti
1903 1762 2132 1828 fratris
2199 1762 2415 1828 nostri
2459 1762 2860 1829 auctoritate
2907 1767 2977 1828 et

872 1864 1269 1943 reverentia,
1314 1884 1513 1949 quam
1580 1863 1708 1931 sibi
1772 1869 1842 1929 et
1907 1864 2196 1931 ecelesiae
2257 1884 2394 1931 suae
2457 1864 2730 1942 debetis,
2793 1869 2974 1950 post-

872 1967 1105 2055 posita,
1149 1967 1239 2032 ad
1301 1966 1791 2032 coronationem
1867 1966 2047 2031 illius
2121 1966 2415 2031 favorem
2488 1971 2786 2031 vestrum
2804 1966 2833 2005 4
2905 1971 2978 2031 et

871 2068 1315 2135 ministerium
1359 2069 1757 2154 praebuistis,
1805 2068 1994 2133 nulla
2061 2068 2144 2133 de
2213 2069 2670 2134 conservanda
2685 2068 2712 2107 ⁵
2771 2069 2972 2134 eccle·

870 2172 985 2237 siae
1028 2171 1337 2237 libertate
1383 2170 1700 2256 praestita,
1728 2169 1839 2237 vel
1883 2169 2087 2235 etiam
2153 2174 2389 2237 exacta
2431 2167 2638 2255 (sicut.
2699 2169 2972 2254 dicitur)

870 2274 1175 2341 cautione
1200 2297 1215 2353 ;
1260 2273 1424 2358 quin
1454 2272 1659 2337 immo
1690 2271 2104 2338 sustinuistis
2135 2270 2360 2356 potius
2391 2274 2472 2335 ut
2507 2270 2970 2356 juramentum

869 2376 955 2441 ab
998 2375 1115 2439 illo
1160 2375 1243 2439 de
1272 2373 1613 2439 servandis
1657 2374 1846 2459 regni
1892 2371 2481 2439 consuetudinibus
2525 2376 2970 2457 praestaretur.

868 2476 1166 2545 Profecto
1210 2497 1331 2563 pro
1376 2475 1910 2549 reconciliatione
1955 2474 2220 2540 illorum
2266 2494 2402 2551 noe,
2435 2496 2553 2561 per
2596 2474 2856 2540 litteras
2901 2479 2971 2540 et

865 2600 1178 2665 personas
1242 2601 1329 2644 ex
1392 2577 1596 2644 latere
1664 2582 1906 2654 nostro,
1977 2582 2045 2642 et
2112 2598 2228 2663 per
2292 2575 2513 2662 plures
2579 2575 2744 2643 alios
2790 2576 2970 2643 viros

874 2682 995 2767 qui
1044 2682 1231 2767 digni
1264 2684 1269 2689 ’
1300 2680 1569 2745 fuerant
1636 2679 1960 2756 exaudiri,
2004 2698 2460 2764 saepenumero
2504 2676 2970 2754 laboravimus

870 2788 959 2860 et,
1008 2782 1327 2869 quicquid
1358 2782 1593 2847 datum
1624 2778 1876 2862 fuerit⁰
1918 2780 2112 2845 nobis
2159 2782 2318 2867 spei,
2365 2786 2652 2865 praaeter
2695 2782 2974 2847 inanem

872 2905 1185 2972 pompam
1229 2884 1583 2950 verborum
1650 2881 1823 2947 nihil
1869 2880 2190 2948 haetenus
2235 2882 2573 2969 potuimus
2619 2889 2969 2970 reportare.

872 2987 939 3052 N
942 3009 1015 3052 ec
1045 2993 1273 3052 tamen
1300 2985 1425 3052 hoc
1469 2986 1618 3050 ideo
1664 2983 1965 3062 dicimus,
2012 2985 2194 3071 quin,
2227 2984 2388 3049 dum
2418 2985 2635 3051 adhuc
2681 3007 2972 3052 essemus

868 3091 942 3154 in
988 3089 1284 3165 Francia,
1350 3089 1422 3153 in
1486 3088 1716 3154 multis
1782 3088 2065 3153 eundem
2139 3109 2362 3174 regem
2425 3087 2768 3154 liberalem
2814 3111 2972 3176 erga

870 3213 990 3258 nos
1012 3191 1038 3232 ⁷
1082 3190 1477 3258 senserimus
1506 3211 1585 3256 ac
1627 3190 1968 3256 devotum.
2047 3189 2179 3256 Sed
2211 3190 2296 3255 ob
2327 3188 2452 3254 hoc
2494 3211 2627 3254 non
2654 3190 2974 3256 debemus

875 3294 1181 3360 omittere
1259 3293 1425 3378 quin
1498 3292 1708 3358 tantis
1783 3313 1904 3357 nos
1981 3291 2630 3378 transgressionibus,
2706 3299 2777 3358 et
2850 3314 2970 3380 pro

866 3397 1085 3485 gloria
1126 3395 1258 3461 Dei
1322 3400 1391 3460 et
1458 3416 1575 3480 pro
1644 3395 1861 3461 salute
1906 3394 2115 3482 ipsius
2161 3400 2229 3459 et
2274 3393 2542 3471 vestra,⁸
2587 3395 2728 3461 zelo
2773 3397 2968 3464 recti-

866 3495 1173 3575 tudiniS,‘³
1221 3516 1648 3583 opponamus.

958 3601 1159 3666 Nunc
1190 3598 1413 3685 igitur,
1446 3598 1605 3682 quia
1634 3597 2053 3664 saecularium
2083 3595 2426 3661 hominum
2435 3595 2489 3636 ¹⁰
2511 3597 2724 3683 culpae
2753 3599 2970 3666 nullos

862 3701 1075 3787 magis
1122 3720 1321 3786 quam
1369 3698 1624 3763 desides
1668 3697 1974 3783 praelatos
2016 3695 2556 3784 negligentesque
2584 3698 2972 3785 respiciunt,

862 3803 980 3888 qui
1042 3799 1326 3865 multam
1393 3820 1567 3884 saepe
1630 3799 1944 3863 nutriunt
2003 3797 2452 3884 pestilentiam
2519 3799 2680 3864 dum
2746 3821 2968 3866 neces-

860 3901 1100 3969 sariam
1148 3899 1464 3966 adhibere
1528 3899 1884 3986 negligunt
1927 3899 2322 3966 medicinam
2389 3905 2460 3964 et
2503 3905 2654 3986 post
2697 3923 2969 3988 exspec-

862 4004 1194 4071 tationem
1227 4001 1558 4067 diutinam
1602 4001 1789 4066 nullo
1821 3999 2042 4066 dolore
2084 4005 2316 4068 contra
2358 4021 2477 4068 vos
2507 4001 2751 4088 ipsOS,¹¹
2778 4002 2967 4070 nullo

922 4299 941 4334 ¹
975 4296 1352 4361 mom-scetis,
1374 4295 1433 4346 C.
2025 4293 2048 4326 ⁶
2065 4294 2270 4358 flerat,
2293 4293 2356 4345 Ο.

918 4377 941 4410 ²
976 4389 1109 4434 vero,
1132 4372 1194 4436 Ο,
1216 4375 1289 4434 Ζ;
1324 4371 1466 4431 enim,
1489 4372 1559 4421 A.
2027 4371 2049 4410 ⁷
2083 4388 2202 4437 crya
2223 4388 2330 4432 nos,
2352 4388 2452 4423 orn.
2477 4373 2538 4426 Ο.

922 4453 945 4488 ⁸
975 4457 1234 4513 noscatur,
1270 4449 1347 4512 03
1383 4453 1663 4510 asseratur,
1694 4451 1770 4513 A,
1801 4450 1860 4504 Z.
2026 4449 2048 4484 ⁸
2083 4458 2272 4511 vestra,
2293 4451 2354 4513 C,
2379 4453 2455 4513 Z;
2491 4459 2683 4515 nostra,
2703 4453 2764 4504 L.

850 4535 913 4585 L.
2025 4529 2046 4562 ⁹
2083 4545 2172 4579 nos
2195 4533 2447 4593 repeated,
2468 4529 2538 4590 A,
2561 4531 2626 4591 Ο,
2647 4531 2705 4591 Ζ,
2728 4533 2790 4582 L.

918 4611 939 4644 ⁴
975 4617 1211 4670 vestrum,
1230 4623 1331 4658 orn.
1356 4607 1416 4659 C.
2024 4609 2065 4642 ²⁰
2098 4607 2360 4668 hominum,
2385 4625 2485 4659 om.
2511 4608 2578 4661 L.

915 4691 937 4724 ὅ
972 4687 1341 4750 conservanda,
1366 4685 1436 4749 A,
1461 4687 1521 4749 Z,
1544 4685 1617 4747 03
1652 4701 1858 4736 cervan-
2025 4687 2063 4720 ²¹
2098 4693 2164 4750 et,
2185 4687 2280 4738 ins.
2304 4687 2364 4738 L.

847 4769 935 4831 da,
956 4769 1021 4818 L.
