3634 5800
911 807 1044 872 346
1810 824 2176 876 EPISTOLAE.
2630 813 2791 898 [Am.
2824 815 2851 876 1
2868 811 3015 886 170.

903 1011 1246 1098 indulgere
1309 1011 1655 1099 possimne,
1703 1016 1773 1077 et.
1840 1011 2016 1076 idem
2084 1010 2610 1100 archiepiscopus
2676 1015 2763 1080 ad
2832 1015 3013 1080 obse-

904 1114 1136 1201 quium
1181 1118 1250 1180 et
1295 1113 1706 1180 devotionem
1750 1119 1957 1186 tuam.
1986 1118 2057 1179 et
2074 1113 2099 1152 ²
2142 1115 2229 1180 ad
2274 1121 2705 1201 augmentum
2747 1116 3015 1182 honoris

908 1215 1011 1280 tui
1056 1221 1124 1280 et
1169 1215 1506 1281 haeredum
1551 1221 1839 1296 tuorum,
1874 1215 2111 1281 debeat
2140 1217 2668 1302 promptissimus
2708 1218 3012 1284 inveniri.

907 1317 1300 1383 Volentibus
1348 1322 1572 1382 autem
1633 1317 1810 1382 inter
1854 1321 1923 1382 te
1969 1321 2039 1382 et
2078 1317 2302 1402 ¹ipsum
2350 1339 2577 1404 pacem
2622 1317 3013 1397 reformari,2

907 1419 1191 1505 benigno
1251 1419 1474 1484 favore
1543 1418 1963 1503 adquiescas;
2032 1438 2195 1504 quos
2269 1441 2428 1485 vero
2494 1419 2695 1506 hujus
2762 1420 3011 1486 dissen-

903 1519 1105 1584 sionis
1150 1521 1410 1586 noveris
1455 1520 1776 1585 hactenus
1805 1520 2007 1584 fuisse
2036 1519 2428 1597 incentores,
2459 1521 2541 1586 de
2585 1527 2821 1587 caebero
2868 1543 3004 1588 non

903 1622 1238 1686 exaudias.
1333 1621 1791 1686 Nihilominus
1856 1627 1925 1686 et
1970 1621 2182 1685 filium
2230 1627 2441 1698 tuum,
2485 1644 2683 1708 super
2726 1620 3006 1690 articulo

893 1721 1302 1809 juramenti³
1376 1723 1553 1809 quod
1627 1723 2057 1808 praebermisib
2134 1723 2215 1786 de
2290 1725 2619 1790 servando
2702 1725 2859 1811 jure
2932 1732 3007 1792 ct

900 1825 1207 1891 libertate
1273 1823 1769 1891 Cantuariensis
1838 1825 2141 1902 ecclesiae,
2188 1825 2549 1890 secundum
2602 1827 2779 1913 quod
2822 1849 3009 1914 reges

901 1935 970 1994 et
1031 1928 1356 2015 principes
1425 1928 1690 2014 Angliae
1764 1927 1995 1992 fecisse
2058 1933 2447 2004 noscuntur,
2516 1927 2731 1994 eidem
2798 1930 3009 1995 archi-

902 2033 1203 2117 episcopo
1249 2035 1319 2095 et,
1363 2029 1648 2095 ecclesiae
1709 2050 1847 2094 suae
1913 2029 2235 2116 condigne
2300 2030 2675 2097 satisfacere
2740 2053 3007 2098 moneas

902 2137 970 2196 et,
1013 2132 1340 2211 horteris3
1387 2137 1456 2196 et
1518 2131 1695 2216 quod
1762 2132 2281 2217 praetermissum
2346 2139 2463 2211 est,
2528 2132 2728 2200 facias
2792 2135 3006 2199 adim-

899 2235 1098 2320 plere.
1192 2232 1658 2299 Ordinationes
1727 2255 1987 2319 quoque
2054 2235 2493 2313 ecclesiarum,
2540 2241 2609 2301 eb
2674 2237 2807 2302 alia
2852 2259 3003 2324 quae

900 2337 986 2400 ad
1049 2337 1225 2400 viros
1300 2335 1768 2401 ecclesiasticos
1846 2336 2206 2422 pertinent,
2280 2337 2601 2422 praedicto
2675 2339 3001 2424 archiepi—

899 2459 1092 2524 scopo
1137 2443 1206 2502 οἵ,
1267 2437 1418 2502 aliis
1461 2437 1624 2502 viris
1691 2437 2167 2516 ecclesiasticiS,
2212 2443 2353 2503 tam
2417 2445 2493 2503 tu
2564 2461 2763 2526 quam
2824 2441 3005 2507 filius

901 2547 1056 2607 tuus
1102 2539 1304 2605 libere
1351 2544 1420 2605 et
1485 2540 1754 2626 pacifice
1823 2540 2255 2626 relinquatis3
2300 2546 2379 2607 ut
2422 2542 2517 2608 sic
2558 2542 2814 2628 agendo
2859 2543 3007 2609 hos·-

901 2645 1064 2709 tiam
1111 2642 1328 2709 laudis
1377 2642 1663 2708 Domino
1727 2642 1926 2730 digne
1990 2644 2329 2710 immolare
2374 2645 2657 2732 possitis,
2704 2652 2773 2712 et
2816 2648 3007 2714 vobis

897 2768 1175 2834 regnum
1221 2767 1596 2832 comparare
1645 2749 1984 2811 aeternum.

1783 3179 2107 3246 DCLXO.

895 3337 1214 3403 INCIPIT*
1258 3350 1657 3401 CONCORDIA
1705 3350 1917 3399 INTER
1976 3334 2371 3399 HENRICUM
2418 3350 2655 3397 REGEM
2700 3332 2998 3398 ANGLIAE

1057 3454 1142 3503 ΕΤ
1187 3439 1497 3503 ΤΗΟΜΑΜ
1545 3437 2159 3503 CANTUARIENSEM
2204 3451 2833 3501 ARCHIEPISCOPUM.
3096 3440 3103 3447 ²

959 3595 1051 3656 (A.
1082 3595 1172 3652 733
1209 3590 1273 3643 Ο.
1299 3591 1348 3641 ii.
1373 3592 1468 3649 67;
1507 3590 1567 3642 C.
1596 3595 1720 3649 1843
1758 3591 1816 3639 Z.
1843 3606 1891 3639 v.
1916 3594 2010 3648 443
2047 3589 2178 3653 Lup.
2202 3604 2252 3637 v.
2277 3593 2375 3647 433
2410 3588 2496 3640 W.
2520 3587 2692 3649 Cant„
2715 3604 2768 3652 p.
2794 3593 2925 3648 8523

1444 3670 1506 3719 R.
1533 3670 1596 3719 de
1619 3668 1822 3729 Dicet0,
1847 3667 1880 3717 i.
1904 3671 2034 3728 3393
2070 3667 2134 3717 G.
2156 3667 2271 3717 Fol.
2294 3668 2440 3728 497.)

979 3801 1308 3866 Henricus
1379 3820 1496 3863 rex
1550 3796 1813 3883 Angliae
1882 3796 2020 3860 filio
2066 3817 2186 3861 suo
2232 3795 2521 3862 Henrico
2566 3796 2704 3881 regi
2750 3795 2998 3882 Anglo-

889 3927 1037 3969 rum
1084 3900 1408 3968 salutem.⁵

554 4007 836 4057 Announe-
987 4005 1229 4073 Sciatis
1298 4004 1472 4090 quod
1549 4002 1838 4067 Thomas
1904 4000 2429 4087 archiepiscopus
2497 3998 2995 4067 Cantuariensis

553 4074 752 4190 irffioffle
889 4130 1116 4195 pacem
1184 4127 1440 4172 mecum
1505 4104 1662 4169 fecit
1731 4103 1817 4168 ad
1878 4103 2295 4169 voluntatem
2358 4123 2589 4169 meam.
2700 4102 2789 4167 Et
2848 4102 2997 4167 ideo

553 4206 800 4258 ciliation.
889 4209 1201 4297 praecipio
1269 4208 1447 4293 quod
1467 4204 1492 4245 ⁰
1559 4206 1698 4292 ipsc
1763 4210 1833 4271 cb
1897 4204 2165 4270 omnes⁷
2226 4204 2331 4270 sui
2395 4225 2623 4291 pacem
2666 4204 2994 4285 habeant;

955 4462 972 4494 ι
1007 4470 1072 4524 a,
1094 4460 1159 4521 Ο,
1183 4460 1257 4519 23
1291 4474 1391 4509 om,
1415 4458 1475 4508 1„
2060 4454 2081 4487 ⁴
2116 4454 2311 4519 Incipit
2347 4492 2358 4503 .
2396 4490 2411 4505 .
2445 4491 2459 4504 .
2493 4454 2719 4515 salutem,
2742 4470 2844 4505 om.
2868 4455 2926 4506 Ζ.

952 4540 974 4573 ²
1005 4540 1288 4605 reformari,
1317 4574 1328 4587 .
1366 4572 1380 4587 .
1417 4573 1429 4586 .
1455 4533 1802 4586 Nihilominus
1826 4540 1889 4593 et,
2056 4534 2078 4643 Σ
2114 4530 2373 4662 limbi-icus
2408 4569 2421 4581 .
2458 4568 2471 4582 .
2508 4568 2519 4581 .
2554 4531 2782 4595 salutem,
2808 4533 2869 4587 C.

887 4635 987 4671 om.
1011 4621 1076 4669 A.
2110 4628 2141 4660 u
2166 4648 2181 4672 ,
2252 4648 2264 4660 .

953 4699 976 4732 ³
996 4695 1292 4761 juramenti,
1316 4694 1372 4755 Z,
1395 4692 1469 4752 L;
1489 4694 1792 4759 juramento,
1820 4692 1885 4754 O,
2054 4689 2077 4727 ⁷
2109 4706 2289 4751 omnes,
2310 4704 2409 4741 om.
2436 4688 2497 4746 C.

885 4780 956 4835 A,
