<?xml version="1.0" encoding="UTF-8"?>
<!DOCTYPE html PUBLIC "-//W3C//DTD XHTML 1.0 Transitional//EN"
    "http://www.w3.org/TR/xhtml1/DTD/xhtml1-transitional.dtd">
<html xmlns="http://www.w3.org/1999/xhtml" xml:lang="en" lang="en">
 <head>
  <title>
</title>
<meta http-equiv="Content-Type" content="text/html;charset=utf-8" />
  <meta name='ocr-system' content='tesseract 3.04.00' />
  <meta name='ocr-capabilities' content='ocr_page ocr_carea ocr_par ocr_line ocrx_word'/>
</head>
<body>
  <div class='ocr_page' id='page_1' title='image "./materialsforhis00herbgoog_0460.png"; bbox 0 0 3634 5800; ppageno 0'>
   <div class='ocr_carea' id='block_1_1' title="bbox 590 824 2696 937">
    <p class='ocr_par' dir='ltr' id='par_1_1' title="bbox 590 824 2696 937">
     <span class='ocr_line' id='line_1_1' title="bbox 590 824 2696 937; baseline 0.001 -20"><span class='ocrx_word' id='word_1_1' title='bbox 590 867 725 922; x_wconf 47' lang='lat' dir='ltr'><strong>an.</strong></span> <span class='ocrx_word' id='word_1_2' title='bbox 760 855 985 937; x_wconf 88' lang='lat'>1171.]</span> <span class='ocrx_word' id='word_1_3' title='bbox 1483 868 1851 919; x_wconf 66' lang='lat' dir='ltr'><strong>amsi-om.</strong></span> <span class='ocrx_word' id='word_1_4' title='bbox 1991 824 2004 831; x_wconf 44' lang='lat'>⁵</span> <span class='ocrx_word' id='word_1_5' title='bbox 2566 858 2696 921; x_wconf 82' lang='lat'><strong>435</strong></span> 
     </span>
    </p>
   </div>
   <div class='ocr_carea' id='block_1_2' title="bbox 579 1052 2701 3264">
    <p class='ocr_par' dir='ltr' id='par_1_2' title="bbox 579 1052 2701 3264">
     <span class='ocr_line' id='line_1_2' title="bbox 586 1052 2701 1139; baseline 0 -22"><span class='ocrx_word' id='word_1_6' title='bbox 586 1052 873 1139; x_wconf 87' lang='lat' dir='ltr'><strong>prodigii</strong></span> <span class='ocrx_word' id='word_1_7' title='bbox 935 1054 1207 1119; x_wconf 89' lang='lat' dir='ltr'><strong>modum</strong></span> <span class='ocrx_word' id='word_1_8' title='bbox 1273 1053 1735 1119; x_wconf 84' lang='lat' dir='ltr'><strong>detestabilem</strong></span> <span class='ocrx_word' id='word_1_9' title='bbox 1799 1054 1901 1138; x_wconf 89' lang='lat' dir='ltr'><strong>[et</strong></span> <span class='ocrx_word' id='word_1_10' title='bbox 1961 1053 2336 1120; x_wconf 83' lang='lat' dir='ltr'><strong>inauditam</strong></span> <span class='ocrx_word' id='word_1_11' title='bbox 2403 1053 2701 1139; x_wconf 90' lang='lat' dir='ltr'><strong>turpitu-</strong></span> 
     </span>
     <span class='ocr_line' id='line_1_3' title="bbox 590 1151 2700 1241; baseline 0.001 -24"><span class='ocrx_word' id='word_1_12' title='bbox 590 1152 815 1217; x_wconf 85' lang='lat' dir='ltr'><strong>dinem</strong></span> <span class='ocrx_word' id='word_1_13' title='bbox 838 1153 892 1238; x_wconf 88' lang='lat'><strong>¹]</strong></span> <span class='ocrx_word' id='word_1_14' title='bbox 940 1154 1127 1219; x_wconf 80' lang='lat' dir='ltr'><strong>vobis</strong></span> <span class='ocrx_word' id='word_1_15' title='bbox 1171 1154 1373 1219; x_wconf 85' lang='lat' dir='ltr'><strong>verbo</strong></span> <span class='ocrx_word' id='word_1_16' title='bbox 1395 1151 1420 1192; x_wconf 76' lang='lat'><strong>²</strong></span> <span class='ocrx_word' id='word_1_17' title='bbox 1462 1153 1920 1241; x_wconf 81' lang='lat' dir='ltr'><strong>significarem,</strong></span> <span class='ocrx_word' id='word_1_18' title='bbox 1965 1154 2080 1219; x_wconf 82' lang='lat' dir='ltr'><strong>sed</strong></span> <span class='ocrx_word' id='word_1_19' title='bbox 2126 1175 2356 1219; x_wconf 87' lang='lat' dir='ltr'><strong>vereor</strong></span> <span class='ocrx_word' id='word_1_20' title='bbox 2399 1174 2484 1219; x_wconf 90' lang='lat' dir='ltr'><strong>ne</strong></span> <span class='ocrx_word' id='word_1_21' title='bbox 2530 1154 2700 1219; x_wconf 86' lang='lat' dir='ltr'><strong>mihi</strong></span> 
     </span>
     <span class='ocr_line' id='line_1_4' title="bbox 591 1253 2701 1341; baseline 0.001 -24"><span class='ocrx_word' id='word_1_22' title='bbox 591 1253 665 1317; x_wconf 92' lang='lat' dir='ltr'><strong>in</strong></span> <span class='ocrx_word' id='word_1_23' title='bbox 710 1254 860 1320; x_wconf 92' lang='lat' dir='ltr'><strong>odio</strong></span> <span class='ocrx_word' id='word_1_24' title='bbox 876 1254 903 1295; x_wconf 84' lang='lat'>³</span> <span class='ocrx_word' id='word_1_25' title='bbox 966 1256 1391 1334; x_wconf 75' lang='lat' dir='ltr'><strong>adscribatur,</strong></span> <span class='ocrx_word' id='word_1_26' title='bbox 1461 1262 1533 1321; x_wconf 88' lang='lat' dir='ltr'><strong>et</strong></span> <span class='ocrx_word' id='word_1_27' title='bbox 1592 1256 1835 1329; x_wconf 83' lang='lat' dir='ltr'><strong>latores</strong></span> <span class='ocrx_word' id='word_1_28' title='bbox 1896 1256 2324 1341; x_wconf 75' lang='lat' dir='ltr'><strong>praesentium</strong></span> <span class='ocrx_word' id='word_1_29' title='bbox 2393 1261 2701 1341; x_wconf 84' lang='lat' dir='ltr'><strong>patenter</strong></span> 
     </span>
     <span class='ocr_line' id='line_1_5' title="bbox 588 1356 2700 1442; baseline 0.003 -24"><span class='ocrx_word' id='word_1_30' title='bbox 588 1361 661 1419; x_wconf 87' lang='lat' dir='ltr'><strong>et</strong></span> <span class='ocrx_word' id='word_1_31' title='bbox 702 1356 961 1442; x_wconf 79' lang='lat' dir='ltr'>plenius</span> <span class='ocrx_word' id='word_1_32' title='bbox 1007 1358 1104 1423; x_wconf 87' lang='lat' dir='ltr'><strong>rei</strong></span> <span class='ocrx_word' id='word_1_33' title='bbox 1125 1357 1154 1397; x_wconf 79' lang='lat'><em>4</em></span> <span class='ocrx_word' id='word_1_34' title='bbox 1196 1359 1493 1425; x_wconf 79' lang='lat' dir='ltr'>ordinem</span> <span class='ocrx_word' id='word_1_35' title='bbox 1538 1358 1867 1425; x_wconf 86' lang='lat' dir='ltr'><strong>evolvent.</strong></span> <span class='ocrx_word' id='word_1_36' title='bbox 1958 1358 2064 1423; x_wconf 80' lang='lat' dir='ltr'><strong>Ex</strong></span> <span class='ocrx_word' id='word_1_37' title='bbox 2109 1379 2336 1424; x_wconf 85' lang='lat' dir='ltr'><strong>eorum</strong></span> <span class='ocrx_word' id='word_1_38' title='bbox 2378 1358 2700 1424; x_wconf 76' lang='lat' dir='ltr'><strong>relatione</strong></span> 
     </span>
     <span class='ocr_line' id='line_1_6' title="bbox 589 1455 2696 1545; baseline 0 -22"><span class='ocrx_word' id='word_1_39' title='bbox 589 1455 855 1523; x_wconf 75' lang='lat' dir='ltr'><strong>discetis</strong></span> <span class='ocrx_word' id='word_1_40' title='bbox 930 1464 1221 1544; x_wconf 85' lang='lat' dir='ltr'><strong>quantus</strong></span> <span class='ocrx_word' id='word_1_41' title='bbox 1294 1458 1597 1525; x_wconf 84' lang='lat' dir='ltr'><strong>moeroris</strong></span> <span class='ocrx_word' id='word_1_42' title='bbox 1670 1459 1994 1535; x_wconf 76' lang='lat' dir='ltr'><strong>cumuluS,</strong></span> <span class='ocrx_word' id='word_1_43' title='bbox 2060 1465 2314 1545; x_wconf 82' lang='lat' dir='ltr'><strong>quanta</strong></span> <span class='ocrx_word' id='word_1_44' title='bbox 2391 1460 2482 1525; x_wconf 87' lang='lat' dir='ltr'><strong>sit</strong></span> <span class='ocrx_word' id='word_1_45' title='bbox 2544 1458 2696 1523; x_wconf 88' lang='lat' dir='ltr'><strong>uni-</strong></span> 
     </span>
     <span class='ocr_line' id='line_1_7' title="bbox 589 1560 2694 1639; baseline 0.001 -17"><span class='ocrx_word' id='word_1_46' title='bbox 589 1579 796 1625; x_wconf 81' lang='lat' dir='ltr'><strong>versae</strong></span> <span class='ocrx_word' id='word_1_47' title='bbox 840 1560 1124 1626; x_wconf 83' lang='lat' dir='ltr'><strong>eeclesiae</strong></span> <span class='ocrx_word' id='word_1_48' title='bbox 1168 1566 1240 1625; x_wconf 86' lang='lat' dir='ltr'><strong>et</strong></span> <span class='ocrx_word' id='word_1_49' title='bbox 1283 1560 1624 1627; x_wconf 81' lang='lat' dir='ltr'><strong>calamitas</strong></span> <span class='ocrx_word' id='word_1_50' title='bbox 1640 1560 1666 1600; x_wconf 79' lang='lat'>⁵</span> <span class='ocrx_word' id='word_1_51' title='bbox 1709 1567 1782 1627; x_wconf 86' lang='lat' dir='ltr'><strong>et</strong></span> <span class='ocrx_word' id='word_1_52' title='bbox 1840 1560 2128 1627; x_wconf 81' lang='lat' dir='ltr'><strong>maxime</strong></span> <span class='ocrx_word' id='word_1_53' title='bbox 2176 1560 2694 1639; x_wconf 72' lang='lat' dir='ltr'><strong>CantuariensiS,</strong></span> 
     </span>
     <span class='ocr_line' id='line_1_8' title="bbox 594 1658 2694 1748; baseline -0 -22"><span class='ocrx_word' id='word_1_54' title='bbox 594 1658 879 1745; x_wconf 71' lang='lat' dir='ltr'><strong>[quanta</strong></span> <span class='ocrx_word' id='word_1_55' title='bbox 922 1660 1126 1726; x_wconf 87' lang='lat' dir='ltr'><strong>etiam</strong></span> <span class='ocrx_word' id='word_1_56' title='bbox 1196 1662 1405 1726; x_wconf 82' lang='lat' dir='ltr'><strong>totius</strong></span> <span class='ocrx_word' id='word_1_57' title='bbox 1472 1660 1661 1748; x_wconf 88' lang='lat' dir='ltr'><strong>regni</strong></span> <span class='ocrx_word' id='word_1_58' title='bbox 1722 1660 2042 1741; x_wconf 85' lang='lat' dir='ltr'><strong>Franeiae,</strong></span> <span class='ocrx_word' id='word_1_59' title='bbox 2109 1661 2330 1739; x_wconf 82' lang='lat' dir='ltr'><strong>immo,</strong></span> <span class='ocrx_word' id='word_1_60' title='bbox 2395 1660 2694 1726; x_wconf 89' lang='lat' dir='ltr'><strong>omnium</strong></span> 
     </span>
     <span class='ocr_line' id='line_1_9' title="bbox 588 1762 2696 1848; baseline 0.001 -23"><span class='ocrx_word' id='word_1_61' title='bbox 588 1762 881 1845; x_wconf 85' lang='lat' dir='ltr'><strong>partium</strong></span> <span class='ocrx_word' id='word_1_62' title='bbox 942 1762 1175 1827; x_wconf 88' lang='lat' dir='ltr'><strong>mundi</strong></span> <span class='ocrx_word' id='word_1_63' title='bbox 1242 1763 1331 1827; x_wconf 84' lang='lat' dir='ltr'><strong>ad</strong></span> <span class='ocrx_word' id='word_1_64' title='bbox 1392 1783 1557 1847; x_wconf 85' lang='lat' dir='ltr'><strong>quas</strong></span> <span class='ocrx_word' id='word_1_65' title='bbox 1623 1762 1755 1828; x_wconf 82' lang='lat' dir='ltr'><strong>ista</strong></span> <span class='ocrx_word' id='word_1_66' title='bbox 1821 1762 2199 1848; x_wconf 86' lang='lat' dir='ltr'><strong>pervenerit</strong></span> <span class='ocrx_word' id='word_1_67' title='bbox 2263 1762 2566 1848; x_wconf 74' lang='lat' dir='ltr'><strong>nequitia</strong></span> <span class='ocrx_word' id='word_1_68' title='bbox 2623 1768 2696 1827; x_wconf 89' lang='lat' dir='ltr'><strong>et</strong></span> 
     </span>
     <span class='ocr_line' id='line_1_10' title="bbox 586 1863 2692 1950; baseline 0.001 -23"><span class='ocrx_word' id='word_1_69' title='bbox 586 1863 842 1941; x_wconf 74' lang='lat' dir='ltr'><strong>seditio,</strong></span> <span class='ocrx_word' id='word_1_70' title='bbox 888 1869 957 1929; x_wconf 91' lang='lat' dir='ltr'><strong>et</strong></span> <span class='ocrx_word' id='word_1_71' title='bbox 1004 1864 1286 1949; x_wconf 84' lang='lat' dir='ltr'><strong>querela,</strong></span> <span class='ocrx_word' id='word_1_72' title='bbox 1339 1865 1435 1949; x_wconf 91' lang='lat' dir='ltr'><strong>et]</strong></span> <span class='ocrx_word' id='word_1_73' title='bbox 1483 1864 1671 1943; x_wconf 81' lang='lat' dir='ltr'><strong>hane,</strong></span> <span class='ocrx_word' id='word_1_74' title='bbox 1720 1865 1906 1931; x_wconf 80' lang='lat' dir='ltr'><strong>salvo</strong></span> <span class='ocrx_word' id='word_1_75' title='bbox 1951 1866 2222 1950; x_wconf 90' lang='lat' dir='ltr'><strong>pudore,</strong></span> <span class='ocrx_word' id='word_1_76' title='bbox 2277 1880 2411 1930; x_wconf 89' lang='lat' dir='ltr'><strong>non</strong></span> <span class='ocrx_word' id='word_1_77' title='bbox 2470 1868 2692 1950; x_wconf 83' lang='lat' dir='ltr'><strong>potest</strong></span> 
     </span>
     <span class='ocr_line' id='line_1_11' title="bbox 587 1963 2690 2051; baseline 0.001 -23"><span class='ocrx_word' id='word_1_78' title='bbox 587 1963 1001 2030; x_wconf 80' lang='lat' dir='ltr'><strong>dissimulare</strong></span> <span class='ocrx_word' id='word_1_79' title='bbox 1068 1965 1369 2031; x_wconf 85' lang='lat' dir='ltr'><strong>Romana</strong></span> <span class='ocrx_word' id='word_1_80' title='bbox 1434 1971 1647 2030; x_wconf 87' lang='lat' dir='ltr'><strong>mater</strong></span> <span class='ocrx_word' id='word_1_81' title='bbox 1714 1963 2028 2032; x_wconf 80' lang='lat' dir='ltr'><strong>ecelesia.⁶</strong></span> <span class='ocrx_word' id='word_1_82' title='bbox 2121 1965 2465 2051; x_wconf 82' lang='lat' dir='ltr'><strong>Quidquid</strong></span> <span class='ocrx_word' id='word_1_83' title='bbox 2513 1966 2690 2030; x_wconf 90' lang='lat' dir='ltr'><strong>enim</strong></span> 
     </span>
     <span class='ocr_line' id='line_1_12' title="bbox 586 2064 2690 2154; baseline 0 -25"><span class='ocrx_word' id='word_1_84' title='bbox 586 2064 662 2129; x_wconf 94' lang='lat' dir='ltr'><strong>in</strong></span> <span class='ocrx_word' id='word_1_85' title='bbox 704 2064 913 2130; x_wconf 81' lang='lat' dir='ltr'><strong>filiam</strong></span> <span class='ocrx_word' id='word_1_86' title='bbox 958 2067 1386 2151; x_wconf 69' lang='lat' dir='ltr'><strong>praesumitur</strong></span> <span class='ocrx_word' id='word_1_87' title='bbox 1429 2066 1790 2143; x_wconf 82' lang='lat' dir='ltr'><strong>inimicum,</strong></span> <span class='ocrx_word' id='word_1_88' title='bbox 1836 2065 2168 2131; x_wconf 89' lang='lat' dir='ltr'><strong>redundat</strong></span> <span class='ocrx_word' id='word_1_89' title='bbox 2210 2068 2285 2130; x_wconf 92' lang='lat' dir='ltr'><strong>in</strong></span> <span class='ocrx_word' id='word_1_90' title='bbox 2330 2072 2690 2154; x_wconf 85' lang='lat' dir='ltr'><strong>parentem,</strong></span> 
     </span>
     <span class='ocr_line' id='line_1_13' title="bbox 585 2166 2690 2253; baseline 0.002 -23"><span class='ocrx_word' id='word_1_91' title='bbox 585 2186 707 2232; x_wconf 83' lang='lat' dir='ltr'><strong>neo</strong></span> <span class='ocrx_word' id='word_1_92' title='bbox 748 2167 893 2232; x_wconf 79' lang='lat' dir='ltr'><strong>sine</strong></span> <span class='ocrx_word' id='word_1_93' title='bbox 954 2166 1187 2233; x_wconf 78' lang='lat' dir='ltr'><strong>matris</strong></span> <span class='ocrx_word' id='word_1_94' title='bbox 1248 2166 1495 2253; x_wconf 85' lang='lat' dir='ltr'><strong>injuria</strong></span> <span class='ocrx_word' id='word_1_95' title='bbox 1559 2166 1700 2233; x_wconf 86' lang='lat' dir='ltr'><strong>filia</strong></span> <span class='ocrx_word' id='word_1_96' title='bbox 1743 2168 2137 2253; x_wconf 80' lang='lat' dir='ltr'><strong>captivatur.</strong></span> <span class='ocrx_word' id='word_1_97' title='bbox 2227 2166 2340 2231; x_wconf 88' lang='lat' dir='ltr'><strong>Ad</strong></span> <span class='ocrx_word' id='word_1_98' title='bbox 2383 2188 2502 2233; x_wconf 79' lang='lat' dir='ltr'><strong>vos</strong></span> <span class='ocrx_word' id='word_1_99' title='bbox 2563 2168 2690 2234; x_wconf 84' lang='lat' dir='ltr'><strong>ita-</strong></span> 
     </span>
     <span class='ocr_line' id='line_1_14' title="bbox 585 2265 2692 2355; baseline 0.001 -23"><span class='ocrx_word' id='word_1_100' title='bbox 585 2289 715 2353; x_wconf 89' lang='lat' dir='ltr'><strong>que</strong></span> <span class='ocrx_word' id='word_1_101' title='bbox 758 2267 1001 2335; x_wconf 85' lang='lat' dir='ltr'><strong>elamat</strong></span> <span class='ocrx_word' id='word_1_102' title='bbox 1044 2268 1313 2354; x_wconf 81' lang='lat' dir='ltr'><strong>sanguis</strong></span> <span class='ocrx_word' id='word_1_103' title='bbox 1346 2268 1522 2354; x_wconf 77' lang='lat' dir='ltr'><strong>justi</strong></span> <span class='ocrx_word' id='word_1_104' title='bbox 1539 2265 1565 2309; x_wconf 84' lang='lat'>⁷</span> <span class='ocrx_word' id='word_1_105' title='bbox 1600 2267 1699 2355; x_wconf 82' lang='lat' dir='ltr'><strong>[et</strong></span> <span class='ocrx_word' id='word_1_106' title='bbox 1741 2269 2059 2355; x_wconf 81' lang='lat' dir='ltr'><strong>martyris</strong></span> <span class='ocrx_word' id='word_1_107' title='bbox 2090 2267 2266 2353; x_wconf 90' lang='lat' dir='ltr'><strong>Dei],</strong></span> <span class='ocrx_word' id='word_1_108' title='bbox 2313 2272 2384 2334; x_wconf 90' lang='lat' dir='ltr'><strong>et</strong></span> <span class='ocrx_word' id='word_1_109' title='bbox 2427 2268 2692 2355; x_wconf 80' lang='lat' dir='ltr'><strong>flagitat</strong></span> 
     </span>
     <span class='ocr_line' id='line_1_15' title="bbox 585 2358 2691 2455; baseline 0.001 -22"><span class='ocrx_word' id='word_1_110' title='bbox 585 2370 921 2436; x_wconf 86' lang='lat' dir='ltr'><strong>ultionem.</strong></span> <span class='ocrx_word' id='word_1_111' title='bbox 1044 2370 1249 2435; x_wconf 83' lang='lat' dir='ltr'><strong>Vobis</strong></span> <span class='ocrx_word' id='word_1_112' title='bbox 1324 2390 1497 2455; x_wconf 88' lang='lat' dir='ltr'><strong>erg0‚</strong></span> <span class='ocrx_word' id='word_1_113' title='bbox 1534 2358 1554 2378; x_wconf 72' lang='lat'><strong>&#39;</strong></span> <span class='ocrx_word' id='word_1_114' title='bbox 1571 2375 1763 2455; x_wconf 89' lang='lat' dir='ltr'><strong>pater</strong></span> <span class='ocrx_word' id='word_1_115' title='bbox 1835 2368 2286 2447; x_wconf 57' lang='lat' dir='ltr'><strong>sanctissime?</strong></span> <span class='ocrx_word' id='word_1_116' title='bbox 2367 2370 2546 2435; x_wconf 86' lang='lat' dir='ltr'><strong>adsit</strong></span> <span class='ocrx_word' id='word_1_117' title='bbox 2621 2375 2691 2435; x_wconf 88' lang='lat' dir='ltr'><strong>et</strong></span> 
     </span>
     <span class='ocr_line' id='line_1_16' title="bbox 584 2469 2691 2557; baseline -0 -21"><span class='ocrx_word' id='word_1_118' title='bbox 584 2471 882 2537; x_wconf 79' lang='lat' dir='ltr'><strong>consulat</strong></span> <span class='ocrx_word' id='word_1_119' title='bbox 928 2473 1153 2557; x_wconf 76' lang='lat' dir='ltr'><strong>[super</strong></span> <span class='ocrx_word' id='word_1_120' title='bbox 1169 2469 1197 2509; x_wconf 79' lang='lat'><strong>⁹</strong></span> <span class='ocrx_word' id='word_1_121' title='bbox 1239 2470 1541 2537; x_wconf 84' lang='lat' dir='ltr'><strong>vindicta</strong></span> <span class='ocrx_word' id='word_1_122' title='bbox 1567 2470 1898 2556; x_wconf 80' lang='lat' dir='ltr'><strong>facienda]</strong></span> <span class='ocrx_word' id='word_1_123' title='bbox 1932 2471 2130 2538; x_wconf 86' lang='lat' dir='ltr'><strong>Pater</strong></span> <span class='ocrx_word' id='word_1_124' title='bbox 2151 2470 2203 2511; x_wconf 85' lang='lat'><strong>1⁰</strong></span> <span class='ocrx_word' id='word_1_125' title='bbox 2231 2471 2691 2555; x_wconf 81' lang='lat' dir='ltr'><strong>omnipotens;</strong></span> 
     </span>
     <span class='ocr_line' id='line_1_17' title="bbox 586 2572 2686 2661; baseline -0.001 -22"><span class='ocrx_word' id='word_1_126' title='bbox 586 2579 656 2640; x_wconf 91' lang='lat' dir='ltr'><strong>et</strong></span> <span class='ocrx_word' id='word_1_127' title='bbox 672 2572 723 2612; x_wconf 90' lang='grc'><strong>11</strong></span> <span class='ocrx_word' id='word_1_128' title='bbox 766 2576 881 2660; x_wconf 91' lang='lat' dir='ltr'><strong>qui</strong></span> <span class='ocrx_word' id='word_1_129' title='bbox 944 2574 1068 2638; x_wconf 88' lang='lat' dir='ltr'><strong>filii</strong></span> <span class='ocrx_word' id='word_1_130' title='bbox 1112 2574 1218 2639; x_wconf 82' lang='lat' dir='ltr'><strong>sui</strong></span> <span class='ocrx_word' id='word_1_131' title='bbox 1284 2594 1577 2640; x_wconf 85' lang='lat' dir='ltr'><strong>cruorem</strong></span> <span class='ocrx_word' id='word_1_132' title='bbox 1640 2573 1893 2639; x_wconf 91' lang='lat' dir='ltr'><strong>mundo</strong></span> <span class='ocrx_word' id='word_1_133' title='bbox 1937 2573 2282 2661; x_wconf 72' lang='lat' dir='ltr'><strong>impendit,</strong></span> <span class='ocrx_word' id='word_1_134' title='bbox 2327 2577 2408 2637; x_wconf 91' lang='lat' dir='ltr'><strong>ut</strong></span> <span class='ocrx_word' id='word_1_135' title='bbox 2451 2573 2686 2637; x_wconf 90' lang='lat' dir='ltr'><strong>mundi</strong></span> 
     </span>
     <span class='ocr_line' id='line_1_18' title="bbox 584 2674 2688 2761; baseline -0.001 -20"><span class='ocrx_word' id='word_1_136' title='bbox 584 2697 793 2741; x_wconf 84' lang='lat' dir='ltr'><strong>noxas</strong></span> <span class='ocrx_word' id='word_1_137' title='bbox 814 2674 865 2714; x_wconf 76' lang='lat'><strong>¹²</strong></span> <span class='ocrx_word' id='word_1_138' title='bbox 908 2676 1276 2761; x_wconf 68' lang='lat' dir='ltr'><strong>detergeret</strong></span> <span class='ocrx_word' id='word_1_139' title='bbox 1320 2680 1391 2741; x_wconf 89' lang='lat' dir='ltr'><strong>et</strong></span> <span class='ocrx_word' id='word_1_140' title='bbox 1432 2675 1679 2740; x_wconf 87' lang='lat' dir='ltr'><strong>deleret</strong></span> <span class='ocrx_word' id='word_1_141' title='bbox 1730 2675 2021 2741; x_wconf 81' lang='lat' dir='ltr'><strong>maculas</strong></span> <span class='ocrx_word' id='word_1_142' title='bbox 2081 2678 2512 2761; x_wconf 82' lang='lat' dir='ltr'><strong>peecatorum,</strong></span> <span class='ocrx_word' id='word_1_143' title='bbox 2573 2674 2688 2739; x_wconf 80' lang='lat' dir='ltr'><strong>ilie</strong></span> 
     </span>
     <span class='ocr_line' id='line_1_19' title="bbox 582 2772 2688 2863; baseline -0.002 -20"><span class='ocrx_word' id='word_1_144' title='bbox 582 2777 771 2843; x_wconf 83' lang='lat' dir='ltr'><strong>vobis</strong></span> <span class='ocrx_word' id='word_1_145' title='bbox 820 2776 1259 2863; x_wconf 81' lang='lat' dir='ltr'><strong>[sufficientis]</strong></span> <span class='ocrx_word' id='word_1_146' title='bbox 1284 2774 1336 2815; x_wconf 79' lang='lat'><strong>¹³</strong></span> <span class='ocrx_word' id='word_1_147' title='bbox 1379 2776 1695 2843; x_wconf 77' lang='lat' dir='ltr'><strong>vindictae</strong></span> <span class='ocrx_word' id='word_1_148' title='bbox 1746 2776 2165 2841; x_wconf 85' lang='lat' dir='ltr'><strong>voluntatem</strong></span> <span class='ocrx_word' id='word_1_149' title='bbox 2208 2772 2576 2851; x_wconf 78' lang='lat' dir='ltr'><strong>insinuet‚¹4</strong></span> <span class='ocrx_word' id='word_1_150' title='bbox 2617 2781 2688 2839; x_wconf 91' lang='lat' dir='ltr'><strong>et</strong></span> 
     </span>
     <span class='ocr_line' id='line_1_20' title="bbox 581 2872 2686 2968; baseline -0.001 -23"><span class='ocrx_word' id='word_1_151' title='bbox 581 2884 891 2968; x_wconf 74' lang='lat' dir='ltr'><strong>suggerat</strong></span> <span class='ocrx_word' id='word_1_152' title='bbox 908 2876 959 2919; x_wconf 77' lang='lat'><strong>¹⁵</strong></span> <span class='ocrx_word' id='word_1_153' title='bbox 986 2878 1386 2957; x_wconf 79' lang='lat' dir='ltr'><strong>facultatem,</strong></span> <span class='ocrx_word' id='word_1_154' title='bbox 1415 2883 1497 2943; x_wconf 91' lang='lat' dir='ltr'><strong>ut</strong></span> <span class='ocrx_word' id='word_1_155' title='bbox 1540 2878 1811 2946; x_wconf 80' lang='lat' dir='ltr'><strong>eeclesia</strong></span> <span class='ocrx_word' id='word_1_156' title='bbox 1852 2877 2141 2944; x_wconf 81' lang='lat' dir='ltr'><strong>inauditi</strong></span> <span class='ocrx_word' id='word_1_157' title='bbox 2189 2878 2286 2962; x_wconf 90' lang='lat' dir='ltr'><strong>[et</strong></span> <span class='ocrx_word' id='word_1_158' title='bbox 2306 2872 2360 2914; x_wconf 79' lang='lat'><strong>¹⁶</strong></span> <span class='ocrx_word' id='word_1_159' title='bbox 2386 2876 2686 2962; x_wconf 81' lang='lat' dir='ltr'><strong>nefandi]</strong></span> 
     </span>
     <span class='ocr_line' id='line_1_21' title="bbox 580 2975 2688 3066; baseline -0.004 -16"><span class='ocrx_word' id='word_1_160' title='bbox 580 2982 839 3050; x_wconf 80' lang='lat' dir='ltr'><strong>sceleris</strong></span> <span class='ocrx_word' id='word_1_161' title='bbox 901 2980 1173 3048; x_wconf 81' lang='lat' dir='ltr'><strong>confusa</strong></span> <span class='ocrx_word' id='word_1_162' title='bbox 1237 2979 1716 3066; x_wconf 77' lang='lat' dir='ltr'><strong>magnitudine,</strong></span> <span class='ocrx_word' id='word_1_163' title='bbox 1782 2979 2086 3046; x_wconf 70' lang='lat' dir='ltr'><strong>districta</strong></span> <span class='ocrx_word' id='word_1_164' title='bbox 2149 2975 2550 3064; x_wconf 81' lang='lat' dir='ltr'><strong>[inaudita‚¹⁷</strong></span> <span class='ocrx_word' id='word_1_165' title='bbox 2617 2985 2688 3043; x_wconf 88' lang='lat' dir='ltr'><strong>et</strong></span> 
     </span>
     <span class='ocr_line' id='line_1_22' title="bbox 579 3077 2686 3168; baseline -0.002 -19"><span class='ocrx_word' id='word_1_166' title='bbox 579 3084 707 3149; x_wconf 88' lang='lat' dir='ltr'><strong>toti</strong></span> <span class='ocrx_word' id='word_1_167' title='bbox 752 3082 1000 3148; x_wconf 89' lang='lat' dir='ltr'><strong>mundo</strong></span> <span class='ocrx_word' id='word_1_168' title='bbox 1035 3080 1355 3168; x_wconf 84' lang='lat' dir='ltr'><strong>jocunda]</strong></span> <span class='ocrx_word' id='word_1_169' title='bbox 1386 3080 1738 3146; x_wconf 78' lang='lat' dir='ltr'><strong>hilareseat</strong></span> <span class='ocrx_word' id='word_1_170' title='bbox 1779 3080 2052 3146; x_wconf 89' lang='lat' dir='ltr'><strong>ultione.</strong></span> <span class='ocrx_word' id='word_1_171' title='bbox 2144 3079 2383 3146; x_wconf 77' lang='lat' dir='ltr'><strong>Valeat</strong></span> <span class='ocrx_word' id='word_1_172' title='bbox 2403 3077 2454 3118; x_wconf 82' lang='lat'><strong>¹⁸</strong></span> <span class='ocrx_word' id='word_1_173' title='bbox 2497 3099 2686 3144; x_wconf 82' lang='lat' dir='ltr'><strong>sane-</strong></span> 
     </span>
     <span class='ocr_line' id='line_1_23' title="bbox 580 3181 2013 3264; baseline -0.003 -12"><span class='ocrx_word' id='word_1_174' title='bbox 580 3186 743 3252; x_wconf 85' lang='lat' dir='ltr'><strong>titas</strong></span> <span class='ocrx_word' id='word_1_175' title='bbox 788 3188 1025 3264; x_wconf 79' lang='lat' dir='ltr'><strong>vestra,</strong></span> <span class='ocrx_word' id='word_1_176' title='bbox 1073 3187 1143 3248; x_wconf 91' lang='lat' dir='ltr'><strong>et</strong></span> <span class='ocrx_word' id='word_1_177' title='bbox 1184 3183 1359 3248; x_wconf 83' lang='lat' dir='ltr'><strong>sieut</strong></span> <span class='ocrx_word' id='word_1_178' title='bbox 1402 3204 1522 3247; x_wconf 84' lang='lat' dir='ltr'><strong>vos</strong></span> <span class='ocrx_word' id='word_1_179' title='bbox 1567 3183 1757 3250; x_wconf 81' lang='lat' dir='ltr'><strong>decet</strong></span> <span class='ocrx_word' id='word_1_180' title='bbox 1798 3181 2013 3249; x_wconf 82' lang='lat' dir='ltr'><strong>facite.</strong></span> 
     </span>
    </p>
   </div>
   <div class='ocr_carea' id='block_1_3' title="bbox 574 3379 2685 4078">
    <p class='ocr_par' dir='ltr' id='par_1_3' title="bbox 646 3379 2612 3451">
     <span class='ocr_line' id='line_1_24' title="bbox 646 3379 2612 3451; baseline -0.004 -14"><span class='ocrx_word' id='word_1_181' title='bbox 646 3387 665 3421; x_wconf 91' lang='grc'><strong>1</strong></span> <span class='ocrx_word' id='word_1_182' title='bbox 700 3395 749 3436; x_wconf 68' lang='lat' dir='ltr'><strong>et</strong></span> <span class='ocrx_word' id='word_1_183' title='bbox 784 3423 798 3436; x_wconf 90' lang='lat'>.</span> <span class='ocrx_word' id='word_1_184' title='bbox 835 3423 848 3436; x_wconf 92' lang='lat'><strong>.</strong></span> <span class='ocrx_word' id='word_1_185' title='bbox 885 3423 898 3436; x_wconf 90' lang='lat'><em>.</em></span> <span class='ocrx_word' id='word_1_186' title='bbox 934 3383 1310 3451; x_wconf 70' lang='lat' dir='ltr'><strong>turpitudinem,</strong></span> <span class='ocrx_word' id='word_1_187' title='bbox 1336 3383 1396 3436; x_wconf 84' lang='lat' dir='ltr'><strong>C.</strong></span> <span class='ocrx_word' id='word_1_188' title='bbox 1748 3383 1771 3422; x_wconf 87' lang='grc'><em>7</em></span> <span class='ocrx_word' id='word_1_189' title='bbox 1790 3384 1931 3448; x_wconf 74' lang='lat' dir='ltr'><strong>justi</strong></span> <span class='ocrx_word' id='word_1_190' title='bbox 1951 3391 2000 3433; x_wconf 75' lang='lat' dir='ltr'><strong>et</strong></span> <span class='ocrx_word' id='word_1_191' title='bbox 2023 3383 2263 3446; x_wconf 76' lang='lat' dir='ltr'><strong>martyris</strong></span> <span class='ocrx_word' id='word_1_192' title='bbox 2284 3379 2526 3442; x_wconf 53' lang='lat' dir='ltr'><strong>Deam.</strong></span> <span class='ocrx_word' id='word_1_193' title='bbox 2549 3381 2612 3431; x_wconf 84' lang='lat' dir='ltr'><strong>L.</strong></span> 
     </span>
    </p>

    <p class='ocr_par' dir='ltr' id='par_1_4' title="bbox 574 3459 2601 3611">
     <span class='ocr_line' id='line_1_25' title="bbox 645 3459 2595 3525; baseline -0.002 -10"><span class='ocrx_word' id='word_1_194' title='bbox 645 3467 667 3499; x_wconf 78' lang='lat'>²</span> <span class='ocrx_word' id='word_1_195' title='bbox 700 3465 867 3525; x_wconf 74' lang='lat' dir='ltr'><strong>verbo,</strong></span> <span class='ocrx_word' id='word_1_196' title='bbox 912 3465 973 3525; x_wconf 92' lang='lat' dir='ltr'><strong>Z,</strong></span> <span class='ocrx_word' id='word_1_197' title='bbox 1018 3465 1097 3518; x_wconf 72' lang='lat' dir='ltr'><strong>L:</strong></span> <span class='ocrx_word' id='word_1_198' title='bbox 1144 3461 1228 3512; x_wconf 71' lang='lat' dir='ltr'><strong>his</strong></span> <span class='ocrx_word' id='word_1_199' title='bbox 1265 3462 1468 3524; x_wconf 72' lang='lat' dir='ltr'><strong>litteris,</strong></span> <span class='ocrx_word' id='word_1_200' title='bbox 1505 3463 1581 3523; x_wconf 68' lang='lat'><strong>03</strong></span> <span class='ocrx_word' id='word_1_201' title='bbox 1748 3463 1771 3494; x_wconf 79' lang='lat'>⁸</span> <span class='ocrx_word' id='word_1_202' title='bbox 1805 3462 2136 3524; x_wconf 73' lang='lat' dir='ltr'><strong>sanctissime,</strong></span> <span class='ocrx_word' id='word_1_203' title='bbox 2157 3461 2237 3521; x_wconf 86' lang='lat' dir='ltr'><strong>L;</strong></span> <span class='ocrx_word' id='word_1_204' title='bbox 2263 3460 2508 3524; x_wconf 71' lang='lat' dir='ltr'><strong>piissime,</strong></span> <span class='ocrx_word' id='word_1_205' title='bbox 2532 3459 2595 3511; x_wconf 84' lang='lat' dir='ltr'><strong>C.</strong></span> 
     </span>
     <span class='ocr_line' id='line_1_26' title="bbox 574 3537 2601 3611; baseline -0.003 -16"><span class='ocrx_word' id='word_1_206' title='bbox 574 3545 811 3611; x_wconf 74' lang='lat' dir='ltr'><strong>proesenti</strong></span> <span class='ocrx_word' id='word_1_207' title='bbox 832 3545 1037 3609; x_wconf 74' lang='lat' dir='ltr'><strong>scripto,</strong></span> <span class='ocrx_word' id='word_1_208' title='bbox 1060 3543 1117 3592; x_wconf 87' lang='lat' dir='ltr'><strong>Z.</strong></span> <span class='ocrx_word' id='word_1_209' title='bbox 1747 3539 1769 3572; x_wconf 78' lang='lat'><strong>⁹</strong></span> <span class='ocrx_word' id='word_1_210' title='bbox 1802 3557 1955 3604; x_wconf 77' lang='lat' dir='ltr'><strong>super</strong></span> <span class='ocrx_word' id='word_1_211' title='bbox 1988 3574 2002 3590; x_wconf 88' lang='lat'><strong>.</strong></span> <span class='ocrx_word' id='word_1_212' title='bbox 2039 3576 2053 3590; x_wconf 93' lang='lat'><strong><em>.</em></strong></span> <span class='ocrx_word' id='word_1_213' title='bbox 2089 3577 2102 3590; x_wconf 94' lang='lat'><strong>.</strong></span> <span class='ocrx_word' id='word_1_214' title='bbox 2123 3537 2394 3605; x_wconf 80' lang='lat' dir='ltr'><strong>facienda,</strong></span> <span class='ocrx_word' id='word_1_215' title='bbox 2417 3538 2513 3588; x_wconf 72' lang='lat' dir='ltr'><strong>ins.</strong></span> <span class='ocrx_word' id='word_1_216' title='bbox 2540 3538 2601 3590; x_wconf 84' lang='lat' dir='ltr'><strong>C.</strong></span> 
     </span>
    </p>

    <p class='ocr_par' dir='ltr' id='par_1_5' title="bbox 574 3615 2685 3923">
     <span class='ocr_line' id='line_1_27' title="bbox 643 3615 2685 3687; baseline -0.005 -13"><span class='ocrx_word' id='word_1_217' title='bbox 643 3627 665 3660; x_wconf 78' lang='lat'>³</span> <span class='ocrx_word' id='word_1_218' title='bbox 699 3642 763 3674; x_wconf 77' lang='lat' dir='ltr'><strong>ne</strong></span> <span class='ocrx_word' id='word_1_219' title='bbox 802 3623 922 3673; x_wconf 76' lang='lat' dir='ltr'><strong>mihi</strong></span> <span class='ocrx_word' id='word_1_220' title='bbox 955 3622 1070 3673; x_wconf 80' lang='lat' dir='ltr'><strong>odio</strong></span> <span class='ocrx_word' id='word_1_221' title='bbox 1108 3637 1145 3672; x_wconf 85' lang='lat' dir='ltr'><strong>a</strong></span> <span class='ocrx_word' id='word_1_222' title='bbox 1177 3629 1405 3687; x_wconf 72' lang='lat' dir='ltr'><strong>serpente</strong></span> <span class='ocrx_word' id='word_1_223' title='bbox 1437 3623 1582 3686; x_wconf 70' lang='lat' dir='ltr'><strong>cujus</strong></span> <span class='ocrx_word' id='word_1_224' title='bbox 1747 3619 1789 3652; x_wconf 83' lang='lat'><strong>¹⁰</strong></span> <span class='ocrx_word' id='word_1_225' title='bbox 1823 3617 1983 3668; x_wconf 76' lang='lat' dir='ltr'><strong>Pater</strong></span> <span class='ocrx_word' id='word_1_226' title='bbox 2005 3619 2206 3684; x_wconf 68' lang='lat' dir='ltr'><strong>omnip„</strong></span> <span class='ocrx_word' id='word_1_227' title='bbox 2227 3618 2275 3667; x_wconf 83' lang='lat' dir='ltr'>L</span> <span class='ocrx_word' id='word_1_228' title='bbox 2297 3617 2507 3681; x_wconf 75' lang='lat' dir='ltr'><strong>30mm&#39;p.</strong></span> <span class='ocrx_word' id='word_1_229' title='bbox 2530 3623 2578 3668; x_wconf 76' lang='lat' dir='ltr'><strong>et</strong></span> <span class='ocrx_word' id='word_1_230' title='bbox 2596 3615 2685 3665; x_wconf 79' lang='lat' dir='ltr'><strong>mi-</strong></span> 
     </span>
     <span class='ocr_line' id='line_1_28' title="bbox 577 3695 2266 3768; baseline -0.005 -13"><span class='ocrx_word' id='word_1_231' title='bbox 577 3723 667 3755; x_wconf 71' lang='grc' dir='ltr'><strong>πει·</strong></span> <span class='ocrx_word' id='word_1_232' title='bbox 688 3705 801 3755; x_wconf 77' lang='lat' dir='ltr'><strong>odio</strong></span> <span class='ocrx_word' id='word_1_233' title='bbox 832 3701 972 3768; x_wconf 81' lang='lat' dir='ltr'><strong>[odia</strong></span> <span class='ocrx_word' id='word_1_234' title='bbox 984 3702 1037 3768; x_wconf 69' lang='lat'><strong>9]</strong></span> <span class='ocrx_word' id='word_1_235' title='bbox 1066 3695 1208 3751; x_wconf 62' lang='lat' dir='ltr'><strong>limen</strong></span> <span class='ocrx_word' id='word_1_236' title='bbox 1235 3717 1327 3750; x_wconf 78' lang='lat' dir='ltr'><strong>nec</strong></span> <span class='ocrx_word' id='word_1_237' title='bbox 1349 3715 1581 3749; x_wconf 73' lang='lat' dir='ltr'><strong>annor-em</strong></span> <span class='ocrx_word' id='word_1_238' title='bbox 1679 3699 1894 3748; x_wconf 67' lang='lat' dir='ltr'><strong>serie-ors</strong></span> <span class='ocrx_word' id='word_1_239' title='bbox 1918 3697 2188 3755; x_wconf 70' lang='lat' dir='ltr'><strong>Dominus,</strong></span> <span class='ocrx_word' id='word_1_240' title='bbox 2205 3695 2266 3748; x_wconf 86' lang='lat' dir='ltr'><strong>C.</strong></span> 
     </span>
     <span class='ocr_line' id='line_1_29' title="bbox 579 3774 2205 3844; baseline -0.006 -10"><span class='ocrx_word' id='word_1_241' title='bbox 579 3783 704 3844; x_wconf 79' lang='lat' dir='ltr'><strong>volo,</strong></span> <span class='ocrx_word' id='word_1_242' title='bbox 738 3783 1042 3842; x_wconf 66' lang='lat' dir='ltr'><strong>ascribatur,</strong></span> <span class='ocrx_word' id='word_1_243' title='bbox 1073 3779 1152 3840; x_wconf 88' lang='lat' dir='ltr'><strong>C;</strong></span> <span class='ocrx_word' id='word_1_244' title='bbox 1182 3779 1240 3828; x_wconf 77' lang='lat' dir='ltr'><strong>in</strong></span> <span class='ocrx_word' id='word_1_245' title='bbox 1273 3795 1374 3828; x_wconf 85' lang='lat' dir='ltr'><strong>om.</strong></span> <span class='ocrx_word' id='word_1_246' title='bbox 1406 3779 1581 3830; x_wconf 80' lang='lat' dir='ltr'><strong>before</strong></span> <span class='ocrx_word' id='word_1_247' title='bbox 1748 3776 1787 3810; x_wconf 93' lang='grc'><strong>11</strong></span> <span class='ocrx_word' id='word_1_248' title='bbox 1822 3782 1889 3836; x_wconf 74' lang='lat' dir='ltr'><strong>et,</strong></span> <span class='ocrx_word' id='word_1_249' title='bbox 1910 3777 1986 3838; x_wconf 79' lang='lat'><strong>1⁴3</strong></span> <span class='ocrx_word' id='word_1_250' title='bbox 2020 3790 2121 3825; x_wconf 76' lang='lat' dir='ltr'><strong>om.</strong></span> <span class='ocrx_word' id='word_1_251' title='bbox 2144 3774 2205 3826; x_wconf 86' lang='lat' dir='ltr'><strong>C.</strong></span> 
     </span>
     <span class='ocr_line' id='line_1_30' title="bbox 574 3854 2101 3923; baseline -0.007 -10"><span class='ocrx_word' id='word_1_252' title='bbox 574 3863 704 3923; x_wconf 80' lang='lat' dir='ltr'><strong>odio,</strong></span> <span class='ocrx_word' id='word_1_253' title='bbox 730 3864 789 3912; x_wconf 90' lang='lat' dir='ltr'><strong>Z.</strong></span> <span class='ocrx_word' id='word_1_254' title='bbox 1746 3854 1787 3888; x_wconf 79' lang='lat'><strong>¹²</strong></span> <span class='ocrx_word' id='word_1_255' title='bbox 1819 3857 2012 3913; x_wconf 71' lang='lat' dir='ltr'><strong>noxius,</strong></span> <span class='ocrx_word' id='word_1_256' title='bbox 2033 3854 2101 3904; x_wconf 84' lang='lat' dir='ltr'><strong>V.</strong></span> 
     </span>
    </p>

    <p class='ocr_par' dir='ltr' id='par_1_6' title="bbox 642 3931 2342 3999">
     <span class='ocr_line' id='line_1_31' title="bbox 642 3931 2342 3999; baseline -0.006 -7"><span class='ocrx_word' id='word_1_257' title='bbox 642 3943 667 3974; x_wconf 88' lang='lat'><strong>⁴</strong></span> <span class='ocrx_word' id='word_1_258' title='bbox 699 3941 787 3991; x_wconf 78' lang='grc' dir='ltr'><strong><em>Ῑιοο</em></strong></span> <span class='ocrx_word' id='word_1_259' title='bbox 832 3938 974 3990; x_wconf 75' lang='lat' dir='ltr'><strong>vobis</strong></span> <span class='ocrx_word' id='word_1_260' title='bbox 1014 3935 1333 3999; x_wconf 75' lang='lat' dir='ltr'><strong>indicabunt,</strong></span> <span class='ocrx_word' id='word_1_261' title='bbox 1378 3936 1453 3998; x_wconf 77' lang='lat'><strong>03</strong></span> <span class='ocrx_word' id='word_1_262' title='bbox 1504 3937 1581 3986; x_wconf 78' lang='lat' dir='ltr'><strong>rei</strong></span> <span class='ocrx_word' id='word_1_263' title='bbox 1744 3934 1787 3968; x_wconf 80' lang='lat'><strong>¹³</strong></span> <span class='ocrx_word' id='word_1_264' title='bbox 1819 3933 2138 3998; x_wconf 70' lang='lat' dir='ltr'><strong>sufficientis,</strong></span> <span class='ocrx_word' id='word_1_265' title='bbox 2157 3932 2256 3984; x_wconf 75' lang='lat' dir='ltr'><strong>ins.</strong></span> <span class='ocrx_word' id='word_1_266' title='bbox 2279 3931 2342 3985; x_wconf 85' lang='lat' dir='ltr'><strong>C.</strong></span> 
     </span>
    </p>

    <p class='ocr_par' dir='ltr' id='par_1_7' title="bbox 627 4011 2152 4078">
     <span class='ocr_line' id='line_1_32' title="bbox 627 4011 2152 4078; baseline -0.006 -7"><span class='ocrx_word' id='word_1_267' title='bbox 627 4057 641 4071; x_wconf 90' lang='lat'><strong>.</strong></span> <span class='ocrx_word' id='word_1_268' title='bbox 678 4057 691 4070; x_wconf 90' lang='lat'>.</span> <span class='ocrx_word' id='word_1_269' title='bbox 725 4017 961 4078; x_wconf 63' lang='lat' dir='ltr'><strong>evolvant,</strong></span> <span class='ocrx_word' id='word_1_270' title='bbox 984 4018 1048 4068; x_wconf 88' lang='lat' dir='ltr'><strong>L.</strong></span> <span class='ocrx_word' id='word_1_271' title='bbox 1747 4013 1791 4045; x_wconf 88' lang='lat'><strong>¹⁴</strong></span> <span class='ocrx_word' id='word_1_272' title='bbox 1816 4013 2070 4073; x_wconf 66' lang='lat' dir='ltr'><strong>insinuat,</strong></span> <span class='ocrx_word' id='word_1_273' title='bbox 2093 4011 2152 4062; x_wconf 87' lang='lat' dir='ltr'><strong>C.</strong></span> 
     </span>
    </p>
   </div>
   <div class='ocr_carea' id='block_1_4' title="bbox 576 4089 2685 4634">
    <p class='ocr_par' dir='ltr' id='par_1_8' title="bbox 576 4089 2685 4634">
     <span class='ocr_line' id='line_1_33' title="bbox 640 4089 2252 4162; baseline -0.006 -13"><span class='ocrx_word' id='word_1_274' title='bbox 640 4101 662 4134; x_wconf 77' lang='lat'><strong>⁶</strong></span> <span class='ocrx_word' id='word_1_275' title='bbox 696 4099 935 4162; x_wconf 73' lang='lat' dir='ltr'><strong>martyria</strong></span> <span class='ocrx_word' id='word_1_276' title='bbox 966 4096 1352 4146; x_wconf 59' lang='lat' dir='ltr'><strong>Cannar-imis</strong></span> <span class='ocrx_word' id='word_1_277' title='bbox 1373 4093 1579 4143; x_wconf 76' lang='lat' dir='ltr'><strong>calami-</strong></span> <span class='ocrx_word' id='word_1_278' title='bbox 1745 4091 1787 4124; x_wconf 71' lang='lat'><strong>¹⁵</strong></span> <span class='ocrx_word' id='word_1_279' title='bbox 1821 4097 2070 4155; x_wconf 57' lang='grc' dir='ltr'><strong>θαρρῶ-εί,</strong></span> <span class='ocrx_word' id='word_1_280' title='bbox 2093 4090 2166 4150; x_wconf 82' lang='lat' dir='ltr'><strong>V,</strong></span> <span class='ocrx_word' id='word_1_281' title='bbox 2189 4089 2252 4140; x_wconf 92' lang='grc' dir='ltr'><strong>Ο.</strong></span> 
     </span>
     <span class='ocr_line' id='line_1_34' title="bbox 578 4167 2326 4240; baseline -0.006 -12"><span class='ocrx_word' id='word_1_282' title='bbox 578 4187 675 4240; x_wconf 71' lang='lat' dir='ltr'><strong>tas,</strong></span> <span class='ocrx_word' id='word_1_283' title='bbox 698 4179 763 4239; x_wconf 87' lang='grc' dir='ltr'><strong>Ο,</strong></span> <span class='ocrx_word' id='word_1_284' title='bbox 786 4177 855 4236; x_wconf 83' lang='lat' dir='ltr'><strong>V,</strong></span> <span class='ocrx_word' id='word_1_285' title='bbox 884 4177 955 4237; x_wconf 89' lang='lat' dir='ltr'><strong>Z;</strong></span> <span class='ocrx_word' id='word_1_286' title='bbox 990 4182 1137 4225; x_wconf 79' lang='lat' dir='ltr'><strong>mart.</strong></span> <span class='ocrx_word' id='word_1_287' title='bbox 1171 4172 1275 4224; x_wconf 81' lang='lat' dir='ltr'><strong><em>cal.</em></strong></span> <span class='ocrx_word' id='word_1_288' title='bbox 1318 4171 1579 4236; x_wconf 84' lang='lat' dir='ltr'><strong>(omitting</strong></span> <span class='ocrx_word' id='word_1_289' title='bbox 1743 4169 1788 4202; x_wconf 79' lang='lat'><strong>¹⁶</strong></span> <span class='ocrx_word' id='word_1_290' title='bbox 1821 4178 1869 4220; x_wconf 78' lang='lat' dir='ltr'><strong>et</strong></span> <span class='ocrx_word' id='word_1_291' title='bbox 1891 4168 2120 4233; x_wconf 63' lang='lat' dir='ltr'><strong>affandi,</strong></span> <span class='ocrx_word' id='word_1_292' title='bbox 2142 4167 2238 4218; x_wconf 79' lang='lat' dir='ltr'><strong>ins.</strong></span> <span class='ocrx_word' id='word_1_293' title='bbox 2265 4167 2326 4218; x_wconf 86' lang='lat' dir='ltr'><strong>O.</strong></span> 
     </span>
     <span class='ocr_line' id='line_1_35' title="bbox 584 4243 2682 4317; baseline -0.007 -9"><span class='ocrx_word' id='word_1_294' title='bbox 584 4256 1013 4317; x_wconf 65' lang='lat' dir='ltr'><strong>Cantuarimis),</strong></span> <span class='ocrx_word' id='word_1_295' title='bbox 1044 4255 1111 4304; x_wconf 82' lang='lat' dir='ltr'><strong>L.</strong></span> <span class='ocrx_word' id='word_1_296' title='bbox 1180 4253 1293 4302; x_wconf 85' lang='lat' dir='ltr'><strong>The</strong></span> <span class='ocrx_word' id='word_1_297' title='bbox 1326 4253 1493 4301; x_wconf 79' lang='lat' dir='ltr'><strong>words</strong></span> <span class='ocrx_word' id='word_1_298' title='bbox 1524 4251 1578 4300; x_wconf 92' lang='lat' dir='ltr'><strong>in</strong></span> <span class='ocrx_word' id='word_1_299' title='bbox 1745 4247 1785 4286; x_wconf 87' lang='grc'><strong>17</strong></span> <span class='ocrx_word' id='word_1_300' title='bbox 1819 4247 2059 4297; x_wconf 75' lang='lat' dir='ltr'><strong>inaudita</strong></span> <span class='ocrx_word' id='word_1_301' title='bbox 2091 4281 2107 4296; x_wconf 88' lang='lat'><strong>.</strong></span> <span class='ocrx_word' id='word_1_302' title='bbox 2142 4283 2156 4296; x_wconf 90' lang='lat'><strong>.</strong></span> <span class='ocrx_word' id='word_1_303' title='bbox 2192 4282 2205 4295; x_wconf 90' lang='lat'><em>.</em></span> <span class='ocrx_word' id='word_1_304' title='bbox 2227 4243 2474 4310; x_wconf 79' lang='lat' dir='ltr'><strong>jocunda,</strong></span> <span class='ocrx_word' id='word_1_305' title='bbox 2501 4245 2594 4294; x_wconf 74' lang='lat' dir='ltr'><strong>ins.</strong></span> <span class='ocrx_word' id='word_1_306' title='bbox 2621 4245 2682 4296; x_wconf 86' lang='lat' dir='ltr'><strong>C.</strong></span> 
     </span>
     <span class='ocr_line' id='line_1_36' title="bbox 576 4323 2684 4398; baseline -0.007 -12"><span class='ocrx_word' id='word_1_307' title='bbox 576 4337 815 4386; x_wconf 80' lang='lat' dir='ltr'><strong>brackets</strong></span> <span class='ocrx_word' id='word_1_308' title='bbox 857 4333 1133 4398; x_wconf 74' lang='lat' dir='ltr'><strong>(probably</strong></span> <span class='ocrx_word' id='word_1_309' title='bbox 1169 4331 1260 4382; x_wconf 85' lang='lat' dir='ltr'><strong>the</strong></span> <span class='ocrx_word' id='word_1_310' title='bbox 1297 4329 1579 4393; x_wconf 42' lang='lat' dir='ltr'><strong>amplificas·</strong></span> <span class='ocrx_word' id='word_1_311' title='bbox 1746 4325 1788 4359; x_wconf 84' lang='lat'><strong>¹⁸</strong></span> <span class='ocrx_word' id='word_1_312' title='bbox 1823 4325 2013 4378; x_wconf 70' lang='lat' dir='ltr'><strong>Valeat</strong></span> <span class='ocrx_word' id='word_1_313' title='bbox 2049 4361 2063 4374; x_wconf 90' lang='lat'>.</span> <span class='ocrx_word' id='word_1_314' title='bbox 2099 4361 2112 4375; x_wconf 92' lang='lat'>.</span> <span class='ocrx_word' id='word_1_315' title='bbox 2149 4361 2163 4374; x_wconf 90' lang='lat'>.</span> <span class='ocrx_word' id='word_1_316' title='bbox 2185 4324 2461 4388; x_wconf 75' lang='lat' dir='ltr'><strong>facite,L;</strong></span> <span class='ocrx_word' id='word_1_317' title='bbox 2489 4323 2684 4381; x_wconf 76' lang='lat' dir='ltr'><strong>Valete,</strong></span> 
     </span>
     <span class='ocr_line' id='line_1_37' title="bbox 577 4404 2682 4472; baseline -0.007 -8"><span class='ocrx_word' id='word_1_318' title='bbox 577 4414 686 4466; x_wconf 85' lang='lat' dir='ltr'><strong>tion</strong></span> <span class='ocrx_word' id='word_1_319' title='bbox 708 4413 765 4463; x_wconf 83' lang='lat' dir='ltr'><strong>of</strong></span> <span class='ocrx_word' id='word_1_320' title='bbox 785 4429 817 4463; x_wconf 84' lang='lat' dir='ltr'><strong>a</strong></span> <span class='ocrx_word' id='word_1_321' title='bbox 838 4413 965 4462; x_wconf 81' lang='lat' dir='ltr'><strong>later</strong></span> <span class='ocrx_word' id='word_1_322' title='bbox 998 4409 1189 4472; x_wconf 77' lang='lat' dir='ltr'><strong>scribe)</strong></span> <span class='ocrx_word' id='word_1_323' title='bbox 1226 4423 1313 4459; x_wconf 82' lang='lat' dir='ltr'><strong>are</strong></span> <span class='ocrx_word' id='word_1_324' title='bbox 1345 4407 1479 4458; x_wconf 76' lang='lat' dir='ltr'><strong>from</strong></span> <span class='ocrx_word' id='word_1_325' title='bbox 1514 4407 1576 4459; x_wconf 86' lang='lat' dir='ltr'><strong>C.</strong></span> <span class='ocrx_word' id='word_1_326' title='bbox 1678 4413 1727 4454; x_wconf 78' lang='lat' dir='ltr'><strong>et</strong></span> <span class='ocrx_word' id='word_1_327' title='bbox 1763 4405 1897 4455; x_wconf 71' lang='lat' dir='ltr'><strong>sicut</strong></span> <span class='ocrx_word' id='word_1_328' title='bbox 1935 4404 2070 4455; x_wconf 74' lang='lat' dir='ltr'><strong>decet</strong></span> <span class='ocrx_word' id='word_1_329' title='bbox 2109 4406 2418 4454; x_wconf 68' lang='lat' dir='ltr'><strong>sanctitatem</strong></span> <span class='ocrx_word' id='word_1_330' title='bbox 2455 4410 2682 4459; x_wconf 62' lang='lat' dir='ltr'><strong>vestram,</strong></span> 
     </span>
     <span class='ocr_line' id='line_1_38' title="bbox 641 4480 2685 4554; baseline -0.007 -11"><span class='ocrx_word' id='word_1_331' title='bbox 641 4494 663 4526; x_wconf 82' lang='lat'><strong>⁶</strong></span> <span class='ocrx_word' id='word_1_332' title='bbox 697 4492 841 4542; x_wconf 81' lang='lat' dir='ltr'><strong>Hinc</strong></span> <span class='ocrx_word' id='word_1_333' title='bbox 863 4489 1003 4540; x_wconf 79' lang='lat' dir='ltr'><strong>salvo</strong></span> <span class='ocrx_word' id='word_1_334' title='bbox 1026 4487 1225 4554; x_wconf 76' lang='lat' dir='ltr'><strong>pudore</strong></span> <span class='ocrx_word' id='word_1_335' title='bbox 1256 4485 1577 4538; x_wconf 73' lang='lat' dir='ltr'><strong>dissimulare</strong></span> <span class='ocrx_word' id='word_1_336' title='bbox 1677 4491 1725 4535; x_wconf 70' lang='lat' dir='ltr'><strong>et</strong></span> <span class='ocrx_word' id='word_1_337' title='bbox 1745 4485 2042 4549; x_wconf 73' lang='lat' dir='ltr'><strong>diynitatem</strong></span> <span class='ocrx_word' id='word_1_338' title='bbox 2055 4484 2212 4533; x_wconf 73' lang='lat' dir='ltr'><strong>totius</strong></span> <span class='ocrx_word' id='word_1_339' title='bbox 2240 4481 2415 4532; x_wconf 78' lang='lat' dir='ltr'><strong>Curioe</strong></span> <span class='ocrx_word' id='word_1_340' title='bbox 2437 4480 2685 4543; x_wconf 75' lang='lat' dir='ltr'><strong>Ronmnoe,</strong></span> 
     </span>
     <span class='ocr_line' id='line_1_39' title="bbox 578 4562 1974 4634; baseline -0.006 -13"><span class='ocrx_word' id='word_1_341' title='bbox 578 4572 715 4623; x_wconf 77' lang='lat' dir='ltr'><strong>ratio</strong></span> <span class='ocrx_word' id='word_1_342' title='bbox 738 4587 836 4621; x_wconf 81' lang='lat' dir='ltr'><strong>non</strong></span> <span class='ocrx_word' id='word_1_343' title='bbox 857 4567 1019 4633; x_wconf 77' lang='lat' dir='ltr'><strong>debet,</strong></span> <span class='ocrx_word' id='word_1_344' title='bbox 1039 4583 1131 4618; x_wconf 76' lang='lat' dir='ltr'><strong>nec</strong></span> <span class='ocrx_word' id='word_1_345' title='bbox 1157 4573 1319 4634; x_wconf 72' lang='lat' dir='ltr'><strong>potest</strong></span> <span class='ocrx_word' id='word_1_346' title='bbox 1342 4565 1489 4615; x_wconf 83' lang='lat' dir='ltr'><strong>Rom.</strong></span> <span class='ocrx_word' id='word_1_347' title='bbox 1512 4579 1573 4614; x_wconf 80' lang='lat' dir='ltr'><strong>m.</strong></span> <span class='ocrx_word' id='word_1_348' title='bbox 1679 4564 1889 4624; x_wconf 74' lang='lat' dir='ltr'><strong>studete,</strong></span> <span class='ocrx_word' id='word_1_349' title='bbox 1913 4562 1974 4614; x_wconf 87' lang='lat' dir='ltr'><strong>C.</strong></span> 
     </span>
    </p>
   </div>
   <div class='ocr_carea' id='block_1_5' title="bbox 577 4649 801 4710">
    <p class='ocr_par' dir='ltr' id='par_1_9' title="bbox 577 4649 801 4710">
     <span class='ocr_line' id='line_1_40' title="bbox 577 4649 801 4710; baseline -0.027 -6"><span class='ocrx_word' id='word_1_350' title='bbox 577 4649 717 4710; x_wconf 73' lang='lat' dir='ltr'><strong>eccl„</strong></span> <span class='ocrx_word' id='word_1_351' title='bbox 741 4650 801 4702; x_wconf 85' lang='lat' dir='ltr'><strong>O.</strong></span> 
     </span>
    </p>
   </div>
  </div>
 </body>
</html>
