<?xml version="1.0" encoding="UTF-8"?>
<!DOCTYPE html PUBLIC "-//W3C//DTD XHTML 1.0 Transitional//EN"
    "http://www.w3.org/TR/xhtml1/DTD/xhtml1-transitional.dtd">
<html xmlns="http://www.w3.org/1999/xhtml" xml:lang="en" lang="en">
 <head>
  <title>
</title>
<meta http-equiv="Content-Type" content="text/html;charset=utf-8" />
  <meta name='ocr-system' content='tesseract 3.04.00' />
  <meta name='ocr-capabilities' content='ocr_page ocr_carea ocr_par ocr_line ocrx_word'/>
</head>
<body>
  <div class='ocr_page' id='page_1' title='image "./materialsforhis00herbgoog_0493.png"; bbox 0 0 3634 5800; ppageno 0'>
   <div class='ocr_carea' id='block_1_1' title="bbox 556 1209 816 1260">
    <p class='ocr_par' dir='ltr' id='par_1_1' title="bbox 556 1209 816 1260">
     <span class='ocr_line' id='line_1_1' title="bbox 556 1209 816 1260; baseline 0.008 -2"><span class='ocrx_word' id='word_1_1' title='bbox 556 1209 816 1260; x_wconf 71' lang='lat' dir='ltr'><strong>Min-acles,</strong></span> 
     </span>
    </p>
   </div>
   <div class='ocr_carea' id='block_1_2' title="bbox 544 2129 728 2251">
    <p class='ocr_par' dir='ltr' id='par_1_2' title="bbox 544 2129 728 2251">
     <span class='ocr_line' id='line_1_2' title="bbox 549 2129 657 2181; baseline 0.028 -4"><span class='ocrx_word' id='word_1_2' title='bbox 549 2129 657 2181; x_wconf 74' lang='lat' dir='ltr'><strong>&#39;rho</strong></span> 
     </span>
     <span class='ocr_line' id='line_1_3' title="bbox 544 2197 728 2251; baseline 0.038 -9"><span class='ocrx_word' id='word_1_3' title='bbox 544 2197 728 2251; x_wconf 64' lang='lat' dir='ltr'><strong>burim.</strong></span> 
     </span>
    </p>
   </div>
   <div class='ocr_carea' id='block_1_3' title="bbox 534 3038 711 3167">
    <p class='ocr_par' dir='ltr' id='par_1_3' title="bbox 534 3038 711 3167">
     <span class='ocr_line' id='line_1_4' title="bbox 534 3038 711 3090; baseline 0.011 -2"><span class='ocrx_word' id='word_1_4' title='bbox 534 3038 711 3090; x_wconf 82' lang='lat' dir='ltr'><strong>Senec.</strong></span> 
     </span>
     <span class='ocr_line' id='line_1_5' title="bbox 536 3105 705 3167; baseline 0.024 -14"><span class='ocrx_word' id='word_1_5' title='bbox 536 3105 634 3167; x_wconf 81' lang='lat' dir='ltr'><strong>Ep.</strong></span> <span class='ocrx_word' id='word_1_6' title='bbox 657 3112 705 3157; x_wconf 86' lang='lat'><strong>5.</strong></span> 
     </span>
    </p>
   </div>
   <div class='ocr_carea' id='block_1_4' title="bbox 901 796 3002 885">
    <p class='ocr_par' dir='ltr' id='par_1_4' title="bbox 901 796 3002 885">
     <span class='ocr_line' id='line_1_6' title="bbox 901 796 3002 885; baseline -0.002 -19"><span class='ocrx_word' id='word_1_7' title='bbox 901 805 1033 869; x_wconf 85' lang='lat'><strong>468</strong></span> <span class='ocrx_word' id='word_1_8' title='bbox 1792 815 2162 866; x_wconf 67' lang='lat' dir='ltr'><strong>nus-rom.</strong></span> <span class='ocrx_word' id='word_1_9' title='bbox 2615 801 2778 885; x_wconf 53' lang='lat' dir='ltr'><strong>[mn.</strong></span> <span class='ocrx_word' id='word_1_10' title='bbox 2813 796 3002 863; x_wconf 85' lang='lat'>1171.</span> 
     </span>
    </p>
   </div>
   <div class='ocr_carea' id='block_1_5' title="bbox 856 989 3008 4041">
    <p class='ocr_par' dir='ltr' id='par_1_5' title="bbox 871 989 3008 3198">
     <span class='ocr_line' id='line_1_7' title="bbox 895 989 3006 1086; baseline 0.001 -30"><span class='ocrx_word' id='word_1_11' title='bbox 895 989 1027 1057; x_wconf 76' lang='lat' dir='ltr'><strong>S‘ed</strong></span> <span class='ocrx_word' id='word_1_12' title='bbox 1070 1002 1244 1060; x_wconf 90' lang='lat' dir='ltr'><strong>nutu</strong></span> <span class='ocrx_word' id='word_1_13' title='bbox 1308 998 1537 1063; x_wconf 86' lang='lat' dir='ltr'><strong>divino</strong></span> <span class='ocrx_word' id='word_1_14' title='bbox 1583 1001 1866 1086; x_wconf 87' lang='lat' dir='ltr'><strong>contigit</strong></span> <span class='ocrx_word' id='word_1_15' title='bbox 1911 1001 2104 1086; x_wconf 91' lang='lat' dir='ltr'><strong>quod,</strong></span> <span class='ocrx_word' id='word_1_16' title='bbox 2151 1005 2398 1085; x_wconf 85' lang='lat' dir='ltr'><strong>quanto</strong></span> <span class='ocrx_word' id='word_1_17' title='bbox 2467 1001 2675 1086; x_wconf 83' lang='lat' dir='ltr'><strong>magis</strong></span> <span class='ocrx_word' id='word_1_18' title='bbox 2739 996 3006 1062; x_wconf 82' lang='lat' dir='ltr'><strong>athletae</strong></span> 
     </span>
     <span class='ocr_line' id='line_1_8' title="bbox 894 1094 3005 1185; baseline 0.001 -27"><span class='ocrx_word' id='word_1_19' title='bbox 894 1094 1239 1161; x_wconf 88' lang='lat' dir='ltr'><strong>fortissimi</strong></span> <span class='ocrx_word' id='word_1_20' title='bbox 1303 1099 1578 1185; x_wconf 84' lang='lat' dir='ltr'>gloriam</span> <span class='ocrx_word' id='word_1_21' title='bbox 1644 1102 1960 1168; x_wconf 83' lang='lat' dir='ltr'><strong>offuscare</strong></span> <span class='ocrx_word' id='word_1_22' title='bbox 2033 1103 2374 1167; x_wconf 72' lang='lat' dir='ltr'>nitebatur</span> <span class='ocrx_word' id='word_1_23' title='bbox 2441 1101 2735 1166; x_wconf 82' lang='lat' dir='ltr'><strong>humana</strong></span> <span class='ocrx_word' id='word_1_24' title='bbox 2805 1105 3005 1164; x_wconf 78' lang='lat' dir='ltr'><strong>teme-</strong></span> 
     </span>
     <span class='ocr_line' id='line_1_9' title="bbox 894 1195 3008 1291; baseline 0 -30"><span class='ocrx_word' id='word_1_25' title='bbox 894 1198 1075 1277; x_wconf 80' lang='lat' dir='ltr'><strong>ritas,</strong></span> <span class='ocrx_word' id='word_1_26' title='bbox 1152 1204 1342 1266; x_wconf 86' lang='lat' dir='ltr'><strong>tanto</strong></span> <span class='ocrx_word' id='word_1_27' title='bbox 1420 1225 1565 1268; x_wconf 89' lang='lat' dir='ltr'><strong>eam</strong></span> <span class='ocrx_word' id='word_1_28' title='bbox 1640 1204 1924 1291; x_wconf 82' lang='lat' dir='ltr'><strong>amplius</strong></span> <span class='ocrx_word' id='word_1_29' title='bbox 1999 1204 2327 1269; x_wconf 84' lang='lat' dir='ltr'><strong>Dominus</strong></span> <span class='ocrx_word' id='word_1_30' title='bbox 2387 1200 2815 1279; x_wconf 86' lang='lat' dir='ltr'><strong>illustrabat‚¹</strong></span> <span class='ocrx_word' id='word_1_31' title='bbox 2889 1199 2962 1261; x_wconf 91' lang='lat' dir='ltr'><strong>in</strong></span> <span class='ocrx_word' id='word_1_32' title='bbox 2981 1195 3008 1234; x_wconf 77' lang='lat'>²</span> 
     </span>
     <span class='ocr_line' id='line_1_10' title="bbox 896 1302 3002 1385; baseline -0.001 -20"><span class='ocrx_word' id='word_1_33' title='bbox 896 1302 1267 1369; x_wconf 74' lang='lat' dir='ltr'>ostensione</span> <span class='ocrx_word' id='word_1_34' title='bbox 1312 1304 1604 1385; x_wconf 83' lang='lat' dir='ltr'><strong>virtutis,</strong></span> <span class='ocrx_word' id='word_1_35' title='bbox 1650 1313 1721 1371; x_wconf 92' lang='lat' dir='ltr'><strong>et</strong></span> <span class='ocrx_word' id='word_1_36' title='bbox 1780 1304 2243 1372; x_wconf 76' lang='lat' dir='ltr'><strong>miraculorum</strong></span> <span class='ocrx_word' id='word_1_37' title='bbox 2305 1305 2676 1371; x_wconf 76' lang='lat' dir='ltr'><strong>manifestis</strong></span> <span class='ocrx_word' id='word_1_38' title='bbox 2723 1302 3002 1368; x_wconf 81' lang='lat' dir='ltr'><strong>indiciis.</strong></span> 
     </span>
     <span class='ocr_line' id='line_1_11' title="bbox 899 1404 3002 1494; baseline -0.001 -25"><span class='ocrx_word' id='word_1_39' title='bbox 899 1404 1093 1483; x_wconf 82' lang='lat' dir='ltr'><strong>Quod</strong></span> <span class='ocrx_word' id='word_1_40' title='bbox 1164 1407 1290 1471; x_wconf 88' lang='lat' dir='ltr'><strong>viri</strong></span> <span class='ocrx_word' id='word_1_41' title='bbox 1358 1408 1567 1494; x_wconf 89' lang='lat' dir='ltr'><strong>impii,</strong></span> <span class='ocrx_word' id='word_1_42' title='bbox 1630 1410 1745 1494; x_wconf 90' lang='lat' dir='ltr'><strong>qui</strong></span> <span class='ocrx_word' id='word_1_43' title='bbox 1810 1431 1962 1474; x_wconf 92' lang='lat' dir='ltr'><strong>eum</strong></span> <span class='ocrx_word' id='word_1_44' title='bbox 2025 1408 2493 1474; x_wconf 72' lang='lat' dir='ltr'><strong>insatiabiliter</strong></span> <span class='ocrx_word' id='word_1_45' title='bbox 2539 1409 2830 1482; x_wconf 84' lang='lat' dir='ltr'><strong>oderant,</strong></span> <span class='ocrx_word' id='word_1_46' title='bbox 2901 1404 3002 1466; x_wconf 90' lang='lat' dir='ltr'><strong>in-</strong></span> 
     </span>
     <span class='ocr_line' id='line_1_12' title="bbox 893 1508 3004 1596; baseline -0 -27"><span class='ocrx_word' id='word_1_47' title='bbox 893 1512 1174 1584; x_wconf 80' lang='lat' dir='ltr'><strong>tuentes,</strong></span> <span class='ocrx_word' id='word_1_48' title='bbox 1250 1509 1685 1575; x_wconf 84' lang='lat' dir='ltr'><strong>inhibuerunt</strong></span> <span class='ocrx_word' id='word_1_49' title='bbox 1757 1511 2022 1576; x_wconf 88' lang='lat' dir='ltr'><strong>nomine</strong></span> <span class='ocrx_word' id='word_1_50' title='bbox 2098 1510 2378 1596; x_wconf 80' lang='lat' dir='ltr'><strong>publicae</strong></span> <span class='ocrx_word' id='word_1_51' title='bbox 2471 1508 2820 1595; x_wconf 81' lang='lat' dir='ltr'><strong>potestatis</strong></span> <span class='ocrx_word' id='word_1_52' title='bbox 2917 1525 3004 1568; x_wconf 89' lang='lat' dir='ltr'><strong>ne</strong></span> 
     </span>
     <span class='ocr_line' id='line_1_13' title="bbox 900 1609 2999 1698; baseline -0.002 -26"><span class='ocrx_word' id='word_1_53' title='bbox 900 1609 1213 1675; x_wconf 87' lang='lat' dir='ltr'><strong>miracula</strong></span> <span class='ocrx_word' id='word_1_54' title='bbox 1257 1632 1405 1696; x_wconf 83' lang='lat' dir='ltr'><strong>quae</strong></span> <span class='ocrx_word' id='word_1_55' title='bbox 1454 1612 1701 1677; x_wconf 90' lang='lat' dir='ltr'><strong>fiebant</strong></span> <span class='ocrx_word' id='word_1_56' title='bbox 1746 1614 2096 1698; x_wconf 83' lang='lat' dir='ltr'><strong>quisquam</strong></span> <span class='ocrx_word' id='word_1_57' title='bbox 2157 1611 2494 1698; x_wconf 79' lang='lat' dir='ltr'><strong>publicare</strong></span> <span class='ocrx_word' id='word_1_58' title='bbox 2554 1610 2999 1696; x_wconf 75' lang='lat' dir='ltr'><strong>praesumeret.</strong></span> 
     </span>
     <span class='ocr_line' id='line_1_14' title="bbox 894 1707 3002 1797; baseline -0.003 -22"><span class='ocrx_word' id='word_1_59' title='bbox 894 1709 1237 1789; x_wconf 83' lang='lat' dir='ltr'><strong>Oaeterum,</strong></span> <span class='ocrx_word' id='word_1_60' title='bbox 1284 1712 1537 1778; x_wconf 89' lang='lat' dir='ltr'><strong>frustra</strong></span> <span class='ocrx_word' id='word_1_61' title='bbox 1580 1712 1729 1797; x_wconf 91' lang='lat' dir='ltr'><strong>quis</strong></span> <span class='ocrx_word' id='word_1_62' title='bbox 1772 1713 2158 1778; x_wconf 81' lang='lat' dir='ltr'><strong>obnubilare</strong></span> <span class='ocrx_word' id='word_1_63' title='bbox 2203 1712 2532 1778; x_wconf 82' lang='lat' dir='ltr'><strong>desiderat</strong></span> <span class='ocrx_word' id='word_1_64' title='bbox 2579 1709 2754 1796; x_wconf 88' lang='lat' dir='ltr'><strong>quod</strong></span> <span class='ocrx_word' id='word_1_65' title='bbox 2813 1707 3002 1772; x_wconf 80' lang='lat' dir='ltr'><strong>Deus</strong></span> 
     </span>
     <span class='ocr_line' id='line_1_15' title="bbox 894 1806 3002 1898; baseline -0.002 -22"><span class='ocrx_word' id='word_1_66' title='bbox 894 1811 1247 1878; x_wconf 87' lang='lat' dir='ltr'><strong>clarificare</strong></span> <span class='ocrx_word' id='word_1_67' title='bbox 1313 1813 1621 1898; x_wconf 86' lang='lat' dir='ltr'><strong>disponit.</strong></span> <span class='ocrx_word' id='word_1_68' title='bbox 1735 1815 1832 1879; x_wconf 91' lang='lat' dir='ltr'><strong>Eo</strong></span> <span class='ocrx_word' id='word_1_69' title='bbox 1909 1815 2085 1878; x_wconf 89' lang='lat' dir='ltr'><strong>enim</strong></span> <span class='ocrx_word' id='word_1_70' title='bbox 2161 1813 2446 1898; x_wconf 87' lang='lat' dir='ltr'><strong>amplius</strong></span> <span class='ocrx_word' id='word_1_71' title='bbox 2523 1810 2946 1898; x_wconf 84' lang='lat' dir='ltr'><strong>percrebuere</strong></span> <span class='ocrx_word' id='word_1_72' title='bbox 2973 1806 3002 1844; x_wconf 75' lang='lat'>³</span> 
     </span>
     <span class='ocr_line' id='line_1_16' title="bbox 894 1912 2988 2003; baseline -0.002 -25"><span class='ocrx_word' id='word_1_73' title='bbox 894 1915 1226 1992; x_wconf 87' lang='lat' dir='ltr'><strong>miracula,</strong></span> <span class='ocrx_word' id='word_1_74' title='bbox 1273 1936 1403 2000; x_wconf 91' lang='lat' dir='ltr'><strong>quo</strong></span> <span class='ocrx_word' id='word_1_75' title='bbox 1446 1916 1848 1982; x_wconf 87' lang='lat' dir='ltr'><strong>videbantur</strong></span> <span class='ocrx_word' id='word_1_76' title='bbox 1894 1916 2117 2003; x_wconf 89' lang='lat' dir='ltr'><strong>impiis</strong></span> <span class='ocrx_word' id='word_1_77' title='bbox 2163 1916 2523 1980; x_wconf 85' lang='lat' dir='ltr'><strong>studiosius</strong></span> <span class='ocrx_word' id='word_1_78' title='bbox 2573 1912 2988 1980; x_wconf 86' lang='lat' dir='ltr'><strong>occultanda.</strong></span> 
     </span>
     <span class='ocr_line' id='line_1_17' title="bbox 894 2016 2994 2102; baseline -0.001 -22"><span class='ocrx_word' id='word_1_79' title='bbox 894 2017 1114 2081; x_wconf 85' lang='lat' dir='ltr'><strong>Homo</strong></span> <span class='ocrx_word' id='word_1_80' title='bbox 1178 2016 1364 2081; x_wconf 86' lang='lat' dir='ltr'><strong>videt</strong></span> <span class='ocrx_word' id='word_1_81' title='bbox 1426 2019 1497 2081; x_wconf 91' lang='lat' dir='ltr'><strong>in</strong></span> <span class='ocrx_word' id='word_1_82' title='bbox 1572 2016 1751 2094; x_wconf 88' lang='lat' dir='ltr'><strong>facie,</strong></span> <span class='ocrx_word' id='word_1_83' title='bbox 1831 2017 2006 2083; x_wconf 85' lang='lat' dir='ltr'><strong>solus</strong></span> <span class='ocrx_word' id='word_1_84' title='bbox 2082 2017 2264 2082; x_wconf 89' lang='lat' dir='ltr'><strong>Deus</strong></span> <span class='ocrx_word' id='word_1_85' title='bbox 2332 2024 2434 2082; x_wconf 90' lang='lat' dir='ltr'><strong>est</strong></span> <span class='ocrx_word' id='word_1_86' title='bbox 2500 2018 2614 2102; x_wconf 90' lang='lat' dir='ltr'><strong>qui</strong></span> <span class='ocrx_word' id='word_1_87' title='bbox 2675 2037 2866 2081; x_wconf 90' lang='lat' dir='ltr'><strong>renes</strong></span> <span class='ocrx_word' id='word_1_88' title='bbox 2925 2020 2994 2077; x_wconf 80' lang='lat' dir='ltr'><strong>et</strong></span> 
     </span>
     <span class='ocr_line' id='line_1_18' title="bbox 890 2118 2985 2204; baseline -0.002 -20"><span class='ocrx_word' id='word_1_89' title='bbox 890 2118 1087 2184; x_wconf 81' lang='lat' dir='ltr'><strong>corda</strong></span> <span class='ocrx_word' id='word_1_90' title='bbox 1160 2125 1503 2184; x_wconf 86' lang='lat' dir='ltr'><strong>scrutatur.</strong></span> <span class='ocrx_word' id='word_1_91' title='bbox 1598 2121 1795 2199; x_wconf 89' lang='lat' dir='ltr'><strong>Nam,</strong></span> <span class='ocrx_word' id='word_1_92' title='bbox 1873 2143 2023 2186; x_wconf 90' lang='lat' dir='ltr'><strong>cum</strong></span> <span class='ocrx_word' id='word_1_93' title='bbox 2100 2121 2280 2185; x_wconf 82' lang='lat' dir='ltr'><strong>beati</strong></span> <span class='ocrx_word' id='word_1_94' title='bbox 2357 2120 2672 2204; x_wconf 87' lang='lat' dir='ltr'><strong>martyris</strong></span> <span class='ocrx_word' id='word_1_95' title='bbox 2749 2139 2985 2202; x_wconf 88' lang='lat' dir='ltr'><strong>corpus</strong></span> 
     </span>
     <span class='ocr_line' id='line_1_19' title="bbox 888 2217 2990 2306; baseline 0 -24"><span class='ocrx_word' id='word_1_96' title='bbox 888 2221 1244 2303; x_wconf 85' lang='lat' dir='ltr'><strong>sepulturae</strong></span> <span class='ocrx_word' id='word_1_97' title='bbox 1310 2221 1703 2285; x_wconf 89' lang='lat' dir='ltr'><strong>tradendum</strong></span> <span class='ocrx_word' id='word_1_98' title='bbox 1772 2227 1958 2299; x_wconf 89' lang='lat' dir='ltr'><strong>esset,</strong></span> <span class='ocrx_word' id='word_1_99' title='bbox 2023 2235 2092 2286; x_wconf 86' lang='lat' dir='ltr'><strong>et</strong></span> <span class='ocrx_word' id='word_1_100' title='bbox 2113 2221 2138 2260; x_wconf 77' lang='lat'>4</span> <span class='ocrx_word' id='word_1_101' title='bbox 2207 2222 2288 2285; x_wconf 92' lang='lat' dir='ltr'><strong>de</strong></span> <span class='ocrx_word' id='word_1_102' title='bbox 2353 2243 2531 2286; x_wconf 91' lang='lat' dir='ltr'><strong>more</strong></span> <span class='ocrx_word' id='word_1_103' title='bbox 2593 2217 2990 2306; x_wconf 84' lang='lat' dir='ltr'><strong>pontificali-</strong></span> 
     </span>
     <span class='ocr_line' id='line_1_20' title="bbox 885 2319 2986 2408; baseline -0.001 -26"><span class='ocrx_word' id='word_1_104' title='bbox 885 2319 1008 2384; x_wconf 88' lang='lat' dir='ltr'><strong>bus</strong></span> <span class='ocrx_word' id='word_1_105' title='bbox 1072 2321 1474 2398; x_wconf 90' lang='lat' dir='ltr'><strong>indueretur‚</strong></span> <span class='ocrx_word' id='word_1_106' title='bbox 1520 2324 1697 2408; x_wconf 91' lang='lat' dir='ltr'><strong>quod</strong></span> <span class='ocrx_word' id='word_1_107' title='bbox 1765 2323 2120 2388; x_wconf 85' lang='lat' dir='ltr'><strong>admodum</strong></span> <span class='ocrx_word' id='word_1_108' title='bbox 2166 2323 2360 2408; x_wconf 88' lang='lat' dir='ltr'><strong>pauci</strong></span> <span class='ocrx_word' id='word_1_109' title='bbox 2425 2322 2780 2388; x_wconf 84' lang='lat' dir='ltr'><strong>familiares</strong></span> <span class='ocrx_word' id='word_1_110' title='bbox 2839 2319 2986 2402; x_wconf 77' lang='lat' dir='ltr'><strong>ejus</strong></span> 
     </span>
     <span class='ocr_line' id='line_1_21' title="bbox 880 2421 2984 2509; baseline -0.001 -23"><span class='ocrx_word' id='word_1_111' title='bbox 880 2429 1216 2500; x_wconf 84' lang='lat' dir='ltr'><strong>noverant,</strong></span> <span class='ocrx_word' id='word_1_112' title='bbox 1264 2425 1612 2488; x_wconf 87' lang='lat' dir='ltr'><strong>inventum</strong></span> <span class='ocrx_word' id='word_1_113' title='bbox 1646 2431 1761 2489; x_wconf 87' lang='lat' dir='ltr'><strong>&#39;est</strong></span> <span class='ocrx_word' id='word_1_114' title='bbox 1804 2425 2016 2491; x_wconf 89' lang='lat' dir='ltr'><strong>cilicio</strong></span> <span class='ocrx_word' id='word_1_115' title='bbox 2063 2423 2450 2509; x_wconf 85' lang='lat' dir='ltr'><strong>pedunculis</strong></span> <span class='ocrx_word' id='word_1_116' title='bbox 2467 2423 2492 2461; x_wconf 77' lang='lat'><em>⁶</em></span> <span class='ocrx_word' id='word_1_117' title='bbox 2535 2429 2606 2489; x_wconf 90' lang='lat' dir='ltr'><strong>et</strong></span> <span class='ocrx_word' id='word_1_118' title='bbox 2650 2421 2984 2486; x_wconf 83' lang='lat' dir='ltr'><strong>vermibus</strong></span> 
     </span>
     <span class='ocr_line' id='line_1_22' title="bbox 877 2523 2984 2612; baseline -0 -25"><span class='ocrx_word' id='word_1_119' title='bbox 877 2524 1118 2590; x_wconf 87' lang='lat' dir='ltr'><strong>referto</strong></span> <span class='ocrx_word' id='word_1_120' title='bbox 1164 2525 1585 2602; x_wconf 82' lang='lat' dir='ltr'><strong>involutum,⁰</strong></span> <span class='ocrx_word' id='word_1_121' title='bbox 1652 2527 1924 2612; x_wconf 86' lang='lat' dir='ltr'><strong>ipsaque</strong></span> <span class='ocrx_word' id='word_1_122' title='bbox 1943 2525 1968 2564; x_wconf 83' lang='lat'>⁷</span> <span class='ocrx_word' id='word_1_123' title='bbox 2033 2525 2376 2591; x_wconf 79' lang='lat' dir='ltr'><strong>femoralia</strong></span> <span class='ocrx_word' id='word_1_124' title='bbox 2439 2527 2579 2612; x_wconf 90' lang='lat' dir='ltr'><strong>ejus</strong></span> <span class='ocrx_word' id='word_1_125' title='bbox 2602 2523 2628 2563; x_wconf 77' lang='lat'><strong>⁸</strong></span> <span class='ocrx_word' id='word_1_126' title='bbox 2672 2523 2984 2588; x_wconf 85' lang='lat' dir='ltr'><strong>interiora</strong></span> 
     </span>
     <span class='ocr_line' id='line_1_23' title="bbox 879 2625 2978 2712; baseline -0 -23"><span class='ocrx_word' id='word_1_127' title='bbox 879 2646 1087 2709; x_wconf 91' lang='lat' dir='ltr'><strong>usque</strong></span> <span class='ocrx_word' id='word_1_128' title='bbox 1131 2626 1215 2690; x_wconf 86' lang='lat' dir='ltr'><strong>ad</strong></span> <span class='ocrx_word' id='word_1_129' title='bbox 1263 2626 1545 2712; x_wconf 89' lang='lat' dir='ltr'><strong>poplites</strong></span> <span class='ocrx_word' id='word_1_130' title='bbox 1592 2626 1852 2692; x_wconf 89' lang='lat' dir='ltr'><strong>cilicina</strong></span> <span class='ocrx_word' id='word_1_131' title='bbox 1915 2626 2230 2711; x_wconf 86' lang='lat' dir='ltr'><strong>[stamina</strong></span> <span class='ocrx_word' id='word_1_132' title='bbox 2251 2625 2277 2664; x_wconf 80' lang='lat'><strong>⁹</strong></span> <span class='ocrx_word' id='word_1_133' title='bbox 2323 2633 2391 2692; x_wconf 89' lang='lat' dir='ltr'><strong>et</strong></span> <span class='ocrx_word' id='word_1_134' title='bbox 2439 2626 2696 2692; x_wconf 90' lang='lat' dir='ltr'><strong>cuculla</strong></span> <span class='ocrx_word' id='word_1_135' title='bbox 2757 2647 2978 2711; x_wconf 87' lang='lat' dir='ltr'><strong>super·</strong></span> 
     </span>
     <span class='ocr_line' id='line_1_24' title="bbox 878 2727 2977 2813; baseline 0 -24"><span class='ocrx_word' id='word_1_136' title='bbox 878 2727 1195 2811; x_wconf 89' lang='lat' dir='ltr'><strong>inductis]</strong></span> <span class='ocrx_word' id='word_1_137' title='bbox 1265 2729 1439 2812; x_wconf 87' lang='lat' dir='ltr'><strong>quod</strong></span> <span class='ocrx_word' id='word_1_138' title='bbox 1504 2728 1679 2813; x_wconf 88' lang='lat' dir='ltr'><strong>apud</strong></span> <span class='ocrx_word' id='word_1_139' title='bbox 1746 2733 2076 2792; x_wconf 86' lang='lat' dir='ltr'><strong>nostrates</strong></span> <span class='ocrx_word' id='word_1_140' title='bbox 2141 2733 2340 2794; x_wconf 81' lang='lat' dir='ltr'><strong>antea</strong></span> <span class='ocrx_word' id='word_1_141' title='bbox 2359 2727 2410 2765; x_wconf 90' lang='lat'><strong>¹⁰</strong></span> <span class='ocrx_word' id='word_1_142' title='bbox 2455 2728 2674 2793; x_wconf 90' lang='lat' dir='ltr'><strong>fuerat</strong></span> <span class='ocrx_word' id='word_1_143' title='bbox 2721 2727 2977 2792; x_wconf 87' lang='lat' dir='ltr'><strong>inaudi-</strong></span> 
     </span>
     <span class='ocr_line' id='line_1_25' title="bbox 875 2828 2978 2915; baseline 0 -24"><span class='ocrx_word' id='word_1_144' title='bbox 875 2834 1039 2907; x_wconf 87' lang='lat' dir='ltr'><strong>tum,</strong></span> <span class='ocrx_word' id='word_1_145' title='bbox 1085 2835 1344 2915; x_wconf 86' lang='lat' dir='ltr'><strong>reperta</strong></span> <span class='ocrx_word' id='word_1_146' title='bbox 1406 2835 1578 2894; x_wconf 90' lang='lat' dir='ltr'><strong>sunt.</strong></span> <span class='ocrx_word' id='word_1_147' title='bbox 1674 2830 1983 2894; x_wconf 82' lang='lat' dir='ltr'><strong>Exterior</strong></span> <span class='ocrx_word' id='word_1_148' title='bbox 2027 2835 2292 2895; x_wconf 88' lang='lat' dir='ltr'><strong>tantum</strong></span> <span class='ocrx_word' id='word_1_149' title='bbox 2311 2828 2355 2866; x_wconf 86' lang='lat'><strong>¹¹</strong></span> <span class='ocrx_word' id='word_1_150' title='bbox 2413 2830 2680 2894; x_wconf 85' lang='lat' dir='ltr'><strong>habitus</strong></span> <span class='ocrx_word' id='word_1_151' title='bbox 2725 2829 2978 2895; x_wconf 84' lang='lat' dir='ltr'><strong>caeteris</strong></span> 
     </span>
     <span class='ocr_line' id='line_1_26' title="bbox 872 2931 2976 3018; baseline -0 -23"><span class='ocrx_word' id='word_1_152' title='bbox 872 2932 1418 3012; x_wconf 85' lang='lat' dir='ltr'><strong>conformabatur,</strong></span> <span class='ocrx_word' id='word_1_153' title='bbox 1516 2934 1719 3018; x_wconf 78' lang='lat' dir='ltr'><strong>juxta</strong></span> <span class='ocrx_word' id='word_1_154' title='bbox 1823 2932 2142 3017; x_wconf 89' lang='lat' dir='ltr'><strong>sapientis</strong></span> <span class='ocrx_word' id='word_1_155' title='bbox 2249 2931 2553 3009; x_wconf 89' lang='lat' dir='ltr'><strong>edictum,</strong></span> <span class='ocrx_word' id='word_1_156' title='bbox 2663 2931 2976 2997; x_wconf 85' lang='lat' dir='ltr'><strong>dicentis:</strong></span> 
     </span>
     <span class='ocr_line' id='line_1_27' title="bbox 872 3031 2978 3120; baseline 0.001 -25"><span class='ocrx_word' id='word_1_157' title='bbox 872 3040 907 3067; x_wconf 92' lang='lat'><em>“</em></span> <span class='ocrx_word' id='word_1_158' title='bbox 952 3033 1161 3099; x_wconf 88' lang='lat' dir='ltr'><strong>Frons</strong></span> <span class='ocrx_word' id='word_1_159' title='bbox 1206 3041 1325 3100; x_wconf 89' lang='lat' dir='ltr'><strong>tua</strong></span> <span class='ocrx_word' id='word_1_160' title='bbox 1394 3036 1638 3120; x_wconf 87' lang='lat' dir='ltr'><strong>populo</strong></span> <span class='ocrx_word' id='word_1_161' title='bbox 1682 3036 2050 3110; x_wconf 85' lang='lat' dir='ltr'><strong>conveniat,</strong></span> <span class='ocrx_word' id='word_1_162' title='bbox 2121 3036 2304 3098; x_wconf 87' lang='lat' dir='ltr'><strong>intus</strong></span> <span class='ocrx_word' id='word_1_163' title='bbox 2350 3035 2570 3098; x_wconf 89' lang='lat' dir='ltr'><strong>omnia</strong></span> <span class='ocrx_word' id='word_1_164' title='bbox 2633 3031 2978 3098; x_wconf 89' lang='lat' dir='ltr'><strong>dissimilia</strong></span> 
     </span>
     <span class='ocr_line' id='line_1_28' title="bbox 871 3135 1140 3198; baseline 0.004 -1"><span class='ocrx_word' id='word_1_165' title='bbox 871 3142 905 3166; x_wconf 93' lang='lat'><em>“</em></span> <span class='ocrx_word' id='word_1_166' title='bbox 952 3135 1140 3198; x_wconf 91' lang='lat' dir='ltr'><strong>sint.”</strong></span> 
     </span>
    </p>

    <p class='ocr_par' dir='ltr' id='par_1_6' title="bbox 856 3236 2969 4041">
     <span class='ocr_line' id='line_1_29' title="bbox 966 3236 2969 3323; baseline -0.001 -22"><span class='ocrx_word' id='word_1_167' title='bbox 966 3236 1129 3317; x_wconf 84' lang='lat' dir='ltr'><strong>Quis</strong></span> <span class='ocrx_word' id='word_1_168' title='bbox 1206 3238 1453 3302; x_wconf 82' lang='lat' dir='ltr'><strong>referat</strong></span> <span class='ocrx_word' id='word_1_169' title='bbox 1528 3260 1690 3323; x_wconf 89' lang='lat' dir='ltr'><strong>quos</strong></span> <span class='ocrx_word' id='word_1_170' title='bbox 1788 3239 2093 3323; x_wconf 79' lang='lat' dir='ltr'><strong>gemituS,</strong></span> <span class='ocrx_word' id='word_1_171' title='bbox 2171 3244 2452 3321; x_wconf 89' lang='lat' dir='ltr'><strong>quantos</strong></span> <span class='ocrx_word' id='word_1_172' title='bbox 2531 3237 2969 3321; x_wconf 90' lang='lat' dir='ltr'><strong>lacrymarum</strong></span> 
     </span>
     <span class='ocr_line' id='line_1_30' title="bbox 870 3337 2968 3423; baseline 0 -23"><span class='ocrx_word' id='word_1_173' title='bbox 870 3337 1130 3415; x_wconf 90' lang='lat' dir='ltr'><strong>imbres,</strong></span> <span class='ocrx_word' id='word_1_174' title='bbox 1176 3344 1551 3404; x_wconf 87' lang='lat' dir='ltr'><strong>sanctorum</strong></span> <span class='ocrx_word' id='word_1_175' title='bbox 1622 3346 1834 3405; x_wconf 85' lang='lat' dir='ltr'><strong>coetus</strong></span> <span class='ocrx_word' id='word_1_176' title='bbox 1897 3339 2011 3423; x_wconf 90' lang='lat' dir='ltr'><strong>qui</strong></span> <span class='ocrx_word' id='word_1_177' title='bbox 2075 3339 2368 3415; x_wconf 86' lang='lat' dir='ltr'><strong>aderant,</strong></span> <span class='ocrx_word' id='word_1_178' title='bbox 2433 3340 2504 3401; x_wconf 91' lang='lat' dir='ltr'><strong>in</strong></span> <span class='ocrx_word' id='word_1_179' title='bbox 2569 3338 2968 3403; x_wconf 87' lang='lat' dir='ltr'><strong>revelatione</strong></span> 
     </span>
     <span class='ocr_line' id='line_1_31' title="bbox 868 3438 2968 3525; baseline 0 -24"><span class='ocrx_word' id='word_1_180' title='bbox 868 3438 962 3503; x_wconf 89' lang='lat' dir='ltr'><strong>sic</strong></span> <span class='ocrx_word' id='word_1_181' title='bbox 1004 3440 1416 3504; x_wconf 89' lang='lat' dir='ltr'><strong>adumbratae</strong></span> <span class='ocrx_word' id='word_1_182' title='bbox 1462 3440 1815 3525; x_wconf 77' lang='lat' dir='ltr'><strong>religioniS,</strong></span> <span class='ocrx_word' id='word_1_183' title='bbox 1861 3438 2200 3504; x_wconf 69' lang='lat' dir='ltr'><strong>emiserit?</strong></span> <span class='ocrx_word' id='word_1_184' title='bbox 2291 3439 2432 3505; x_wconf 88' lang='lat' dir='ltr'><strong>Nec</strong></span> <span class='ocrx_word' id='word_1_185' title='bbox 2477 3444 2702 3503; x_wconf 86' lang='lat' dir='ltr'><strong>tamen</strong></span> <span class='ocrx_word' id='word_1_186' title='bbox 2748 3440 2818 3502; x_wconf 90' lang='lat' dir='ltr'><strong>in</strong></span> <span class='ocrx_word' id='word_1_187' title='bbox 2863 3438 2968 3501; x_wconf 93' lang='lat' dir='ltr'><strong>his</strong></span> 
     </span>
     <span class='ocr_line' id='line_1_32' title="bbox 871 3540 2964 3627; baseline -0.002 -22"><span class='ocrx_word' id='word_1_188' title='bbox 871 3541 1175 3605; x_wconf 88' lang='lat' dir='ltr'><strong>omnibus</strong></span> <span class='ocrx_word' id='word_1_189' title='bbox 1243 3547 1731 3627; x_wconf 88' lang='lat' dir='ltr'><strong>persecutorum</strong></span> <span class='ocrx_word' id='word_1_190' title='bbox 1796 3540 2055 3625; x_wconf 89' lang='lat' dir='ltr'><strong>quievit</strong></span> <span class='ocrx_word' id='word_1_191' title='bbox 2099 3540 2301 3617; x_wconf 87' lang='lat' dir='ltr'><strong>furor,</strong></span> <span class='ocrx_word' id='word_1_192' title='bbox 2373 3540 2780 3605; x_wconf 87' lang='lat' dir='ltr'><strong>dicentium:</strong></span> <span class='ocrx_word' id='word_1_193' title='bbox 2828 3560 2964 3604; x_wconf 85' lang='lat' dir='ltr'><strong>cor-</strong></span> 
     </span>
     <span class='ocr_line' id='line_1_33' title="bbox 860 3639 2964 3727; baseline -0 -24"><span class='ocrx_word' id='word_1_194' title='bbox 860 3664 983 3725; x_wconf 89' lang='lat' dir='ltr'><strong>pus</strong></span> <span class='ocrx_word' id='word_1_195' title='bbox 1058 3641 1411 3727; x_wconf 86' lang='lat' dir='ltr'><strong>proditoris</strong></span> <span class='ocrx_word' id='word_1_196' title='bbox 1474 3642 1650 3705; x_wconf 85' lang='lat' dir='ltr'><strong>inter</strong></span> <span class='ocrx_word' id='word_1_197' title='bbox 1712 3648 1972 3706; x_wconf 89' lang='lat' dir='ltr'><strong>sanctos</strong></span> <span class='ocrx_word' id='word_1_198' title='bbox 2035 3641 2378 3726; x_wconf 82' lang='lat' dir='ltr'><strong>pontifices</strong></span> <span class='ocrx_word' id='word_1_199' title='bbox 2447 3661 2580 3705; x_wconf 89' lang='lat' dir='ltr'><strong>non</strong></span> <span class='ocrx_word' id='word_1_200' title='bbox 2643 3662 2781 3705; x_wconf 90' lang='lat' dir='ltr'><strong>esse</strong></span> <span class='ocrx_word' id='word_1_201' title='bbox 2840 3639 2964 3703; x_wconf 89' lang='lat' dir='ltr'><strong>hu-</strong></span> 
     </span>
     <span class='ocr_line' id='line_1_34' title="bbox 860 3743 2964 3829; baseline -0 -22"><span class='ocrx_word' id='word_1_202' title='bbox 860 3745 1192 3820; x_wconf 89' lang='lat' dir='ltr'><strong>mandum,</strong></span> <span class='ocrx_word' id='word_1_203' title='bbox 1254 3744 1369 3808; x_wconf 86' lang='lat' dir='ltr'><strong>sed</strong></span> <span class='ocrx_word' id='word_1_204' title='bbox 1432 3743 1906 3829; x_wconf 88' lang='lat' dir='ltr'><strong>projiciendum</strong></span> <span class='ocrx_word' id='word_1_205' title='bbox 1977 3744 2048 3807; x_wconf 89' lang='lat' dir='ltr'><strong>in</strong></span> <span class='ocrx_word' id='word_1_206' title='bbox 2111 3744 2418 3828; x_wconf 88' lang='lat' dir='ltr'><strong>paludem</strong></span> <span class='ocrx_word' id='word_1_207' title='bbox 2481 3743 2795 3819; x_wconf 85' lang='lat' dir='ltr'><strong>viliorem,</strong></span> <span class='ocrx_word' id='word_1_208' title='bbox 2857 3743 2964 3807; x_wconf 76' lang='lat' dir='ltr'><strong>vel</strong></span> 
     </span>
     <span class='ocr_line' id='line_1_35' title="bbox 863 3844 2958 3930; baseline -0.001 -22"><span class='ocrx_word' id='word_1_209' title='bbox 863 3844 1395 3930; x_wconf 83' lang='lat' dir='ltr'><strong>suspendendum</strong></span> <span class='ocrx_word' id='word_1_210' title='bbox 1460 3866 1597 3909; x_wconf 89' lang='lat' dir='ltr'><strong>esse</strong></span> <span class='ocrx_word' id='word_1_211' title='bbox 1665 3845 1981 3930; x_wconf 79' lang='lat' dir='ltr'><strong>patibulo,</strong></span> <span class='ocrx_word' id='word_1_212' title='bbox 2084 3844 2275 3908; x_wconf 90' lang='lat' dir='ltr'><strong>Unde</strong></span> <span class='ocrx_word' id='word_1_213' title='bbox 2349 3845 2562 3909; x_wconf 90' lang='lat' dir='ltr'><strong>sancti</strong></span> <span class='ocrx_word' id='word_1_214' title='bbox 2637 3844 2766 3907; x_wconf 84' lang='lat' dir='ltr'><strong>viri</strong></span> <span class='ocrx_word' id='word_1_215' title='bbox 2843 3844 2958 3929; x_wconf 91' lang='lat' dir='ltr'><strong>qui</strong></span> 
     </span>
     <span class='ocr_line' id='line_1_36' title="bbox 856 3944 2966 4041; baseline -0 -31"><span class='ocrx_word' id='word_1_216' title='bbox 856 3946 1149 4023; x_wconf 84' lang='lat' dir='ltr'><strong>aderant,</strong></span> <span class='ocrx_word' id='word_1_217' title='bbox 1220 3947 1357 4010; x_wconf 90' lang='lat' dir='ltr'><strong>vim</strong></span> <span class='ocrx_word' id='word_1_218' title='bbox 1420 3945 1547 4009; x_wconf 88' lang='lat' dir='ltr'><strong>sibi</strong></span> <span class='ocrx_word' id='word_1_219' title='bbox 1622 3946 1936 4011; x_wconf 85' lang='lat' dir='ltr'><strong>timentes</strong></span> <span class='ocrx_word' id='word_1_220' title='bbox 2011 3944 2260 4022; x_wconf 84' lang='lat' dir='ltr'><strong>inferri,</strong></span> <span class='ocrx_word' id='word_1_221' title='bbox 2337 3968 2486 4010; x_wconf 89' lang='lat' dir='ltr'><strong>eum</strong></span> <span class='ocrx_word' id='word_1_222' title='bbox 2561 3946 2633 4009; x_wconf 91' lang='lat' dir='ltr'><strong>in</strong></span> <span class='ocrx_word' id='word_1_223' title='bbox 2709 3951 2966 4041; x_wconf 54' lang='lat' dir='ltr'><strong>crypta,</strong></span> 
     </span>
    </p>
   </div>
   <div class='ocr_carea' id='block_1_6' title="bbox 912 4242 2958 4462">
    <p class='ocr_par' dir='ltr' id='par_1_7' title="bbox 912 4242 2958 4462">
     <span class='ocr_line' id='line_1_37' title="bbox 921 4242 2958 4308; baseline -0 -16"><span class='ocrx_word' id='word_1_224' title='bbox 921 4244 935 4276; x_wconf 90' lang='lat'>¹</span> <span class='ocrx_word' id='word_1_225' title='bbox 972 4242 1273 4303; x_wconf 74' lang='lat' dir='ltr'><strong>illustraret,</strong></span> <span class='ocrx_word' id='word_1_226' title='bbox 1298 4244 1363 4294; x_wconf 88' lang='lat' dir='ltr'><strong>G.</strong></span> <span class='ocrx_word' id='word_1_227' title='bbox 1937 4242 2124 4304; x_wconf 71' lang='lat' dir='ltr'><strong>ficerat</strong></span> <span class='ocrx_word' id='word_1_228' title='bbox 2183 4242 2477 4299; x_wconf 74' lang='lat' dir='ltr'><strong>inauditum.</strong></span> <span class='ocrx_word' id='word_1_229' title='bbox 2533 4242 2768 4308; x_wconf 80' lang='lat' dir='ltr'><strong>omitting</strong></span> <span class='ocrx_word' id='word_1_230' title='bbox 2825 4242 2958 4306; x_wconf 76' lang='lat' dir='ltr'><strong>quod</strong></span> 
     </span>
     <span class='ocr_line' id='line_1_38' title="bbox 912 4320 2576 4394; baseline 0.002 -28"><span class='ocrx_word' id='word_1_231' title='bbox 912 4334 934 4366; x_wconf 79' lang='lat'>2</span> <span class='ocrx_word' id='word_1_232' title='bbox 968 4333 1039 4394; x_wconf 59' lang='lat' dir='ltr'><strong>fn,</strong></span> <span class='ocrx_word' id='word_1_233' title='bbox 1062 4348 1163 4384; x_wconf 50' lang='lat' dir='ltr'><strong>om·</strong></span> <span class='ocrx_word' id='word_1_234' title='bbox 1189 4336 1252 4387; x_wconf 60' lang='lat' dir='ltr'><strong>G,</strong></span> <span class='ocrx_word' id='word_1_235' title='bbox 1953 4358 1963 4369; x_wconf 91' lang='lat'>.</span> <span class='ocrx_word' id='word_1_236' title='bbox 2001 4356 2014 4369; x_wconf 90' lang='lat'><strong>.</strong></span> <span class='ocrx_word' id='word_1_237' title='bbox 2053 4358 2065 4370; x_wconf 90' lang='lat'><strong><em>.</em></strong></span> <span class='ocrx_word' id='word_1_238' title='bbox 2099 4320 2380 4370; x_wconf 74' lang='lat' dir='ltr'><strong>inauditum</strong></span> <span class='ocrx_word' id='word_1_239' title='bbox 2399 4322 2576 4371; x_wconf 67' lang='lat' dir='ltr'><strong>belom</strong></span> 
     </span>
     <span class='ocr_line' id='line_1_39' title="bbox 2013 4397 2388 4462; baseline -0.003 -14"><span class='ocrx_word' id='word_1_240' title='bbox 2013 4397 2034 4435; x_wconf 83' lang='grc'><strong><em>7</em></strong></span> <span class='ocrx_word' id='word_1_241' title='bbox 2067 4414 2177 4462; x_wconf 72' lang='lat' dir='ltr'><strong>que,</strong></span> <span class='ocrx_word' id='word_1_242' title='bbox 2200 4413 2301 4448; x_wconf 90' lang='lat' dir='ltr'><strong>om.</strong></span> <span class='ocrx_word' id='word_1_243' title='bbox 2325 4398 2388 4449; x_wconf 94' lang='grc' dir='ltr'><strong>Ο.</strong></span> 
     </span>
    </p>
   </div>
   <div class='ocr_carea' id='block_1_7' title="bbox 912 4426 1460 4490">
    <p class='ocr_par' dir='ltr' id='par_1_8' title="bbox 912 4426 1460 4490">
     <span class='ocr_line' id='line_1_40' title="bbox 912 4426 1460 4490; baseline 0 -13"><span class='ocrx_word' id='word_1_244' title='bbox 912 4426 936 4458; x_wconf 84' lang='lat'>⁸</span> <span class='ocrx_word' id='word_1_245' title='bbox 961 4426 1377 4490; x_wconf 77' lang='lat' dir='ltr'><strong>percrebuerunt,</strong></span> <span class='ocrx_word' id='word_1_246' title='bbox 1399 4426 1460 4477; x_wconf 92' lang='grc' dir='ltr'><strong>Ο.</strong></span> 
     </span>
    </p>
   </div>
   <div class='ocr_carea' id='block_1_8' title="bbox 911 4516 2950 4693">
    <p class='ocr_par' dir='ltr' id='par_1_9' title="bbox 911 4516 2950 4693">
     <span class='ocr_line' id='line_1_41' title="bbox 911 4516 2950 4638; baseline 0.002 -37"><span class='ocrx_word' id='word_1_247' title='bbox 911 4516 933 4638; x_wconf 61' lang='grc' dir='ltr'>ἒ</span> <span class='ocrx_word' id='word_1_248' title='bbox 966 4524 1014 4565; x_wconf 58' lang='lat' dir='ltr'><strong>et</strong></span> <span class='ocrx_word' id='word_1_249' title='bbox 1152 4553 1165 4566; x_wconf 82' lang='lat'>⁸</span> <span class='ocrx_word' id='word_1_250' title='bbox 1184 4516 1505 4618; x_wconf 40' lang='lat' dir='ltr'><strong>‘indueretur’</strong></span> <span class='ocrx_word' id='word_1_251' title='bbox 1529 4531 1630 4566; x_wconf 62' lang='grc' dir='ltr'><strong>σω·</strong></span> <span class='ocrx_word' id='word_1_252' title='bbox 1657 4516 1720 4569; x_wconf 75' lang='grc' dir='ltr'><strong>Ο·</strong></span> <span class='ocrx_word' id='word_1_253' title='bbox 2006 4554 2027 4586; x_wconf 83' lang='lat'><strong>⁹</strong></span> <span class='ocrx_word' id='word_1_254' title='bbox 2061 4557 2276 4605; x_wconf 78' lang='lat' dir='ltr'><strong>stamina</strong></span> <span class='ocrx_word' id='word_1_255' title='bbox 2311 4591 2324 4604; x_wconf 93' lang='lat'>.</span> <span class='ocrx_word' id='word_1_256' title='bbox 2359 4592 2374 4607; x_wconf 89' lang='lat'>.</span> <span class='ocrx_word' id='word_1_257' title='bbox 2411 4592 2422 4605; x_wconf 95' lang='lat'>.</span> <span class='ocrx_word' id='word_1_258' title='bbox 2461 4555 2852 4619; x_wconf 69' lang='lat' dir='ltr'><strong>superinductis,</strong></span> <span class='ocrx_word' id='word_1_259' title='bbox 2888 4558 2950 4608; x_wconf 93' lang='grc' dir='ltr'><strong>Ο.</strong></span> 
     </span>
     <span class='ocr_line' id='line_1_42' title="bbox 962 4606 2463 4693; baseline 0.003 -14"><span class='ocrx_word' id='word_1_260' title='bbox 962 4606 1235 4672; x_wconf 64' lang='lat' dir='ltr'><strong>P⁶d²⁰²¹l²⁸2</strong></span> <span class='ocrx_word' id='word_1_261' title='bbox 1262 4609 1327 4659; x_wconf 74' lang='lat' dir='ltr'><strong>G·</strong></span> <span class='ocrx_word' id='word_1_262' title='bbox 2003 4633 2046 4664; x_wconf 89' lang='lat'><strong>¹⁰</strong></span> <span class='ocrx_word' id='word_1_263' title='bbox 2079 4638 2248 4693; x_wconf 82' lang='lat' dir='ltr'><strong>antea,</strong></span> <span class='ocrx_word' id='word_1_264' title='bbox 2272 4648 2370 4683; x_wconf 90' lang='lat' dir='ltr'><strong>om.</strong></span> <span class='ocrx_word' id='word_1_265' title='bbox 2398 4636 2463 4686; x_wconf 95' lang='grc' dir='ltr'><strong>Ο.</strong></span> 
     </span>
    </p>
   </div>
   <div class='ocr_carea' id='block_1_9' title="bbox 909 4708 2346 4775">
    <p class='ocr_par' dir='ltr' id='par_1_10' title="bbox 909 4708 2346 4775">
     <span class='ocr_line' id='line_1_43' title="bbox 909 4708 2346 4775; baseline 0.004 -16"><span class='ocrx_word' id='word_1_266' title='bbox 909 4708 930 4742; x_wconf 80' lang='lat'>⁶</span> <span class='ocrx_word' id='word_1_267' title='bbox 964 4710 1107 4761; x_wconf 84' lang='lat' dir='ltr'><strong>Here</strong></span> <span class='ocrx_word' id='word_1_268' title='bbox 1153 4711 1199 4764; x_wconf 92' lang='grc' dir='ltr'>Ο</span> <span class='ocrx_word' id='word_1_269' title='bbox 1253 4711 1351 4761; x_wconf 82' lang='lat' dir='ltr'><strong>has</strong></span> <span class='ocrx_word' id='word_1_270' title='bbox 1403 4716 1468 4771; x_wconf 80' lang='lat' dir='ltr'><strong>et,</strong></span> <span class='ocrx_word' id='word_1_271' title='bbox 1516 4710 1647 4775; x_wconf 72' lang='lat' dir='ltr'><strong>quod</strong></span> <span class='ocrx_word' id='word_1_272' title='bbox 1691 4716 1843 4761; x_wconf 72' lang='lat' dir='ltr'><strong>antea</strong></span> <span class='ocrx_word' id='word_1_273' title='bbox 2005 4712 2040 4745; x_wconf 88' lang='lat'><strong>¹¹</strong></span> <span class='ocrx_word' id='word_1_274' title='bbox 2077 4719 2255 4775; x_wconf 76' lang='lat' dir='ltr'><strong>tamen,</strong></span> <span class='ocrx_word' id='word_1_275' title='bbox 2281 4716 2346 4766; x_wconf 89' lang='grc' dir='ltr'><strong>Ο.</strong></span> 
     </span>
    </p>
   </div>
   <div class='ocr_carea' id='block_1_10' title="bbox 2009 4477 2403 4541">
    <p class='ocr_par' dir='ltr' id='par_1_11' title="bbox 2009 4477 2403 4541">
     <span class='ocr_line' id='line_1_44' title="bbox 2009 4477 2403 4541; baseline 0.01 -18"><span class='ocrx_word' id='word_1_276' title='bbox 2009 4477 2031 4507; x_wconf 77' lang='lat'><strong>⁸</strong></span> <span class='ocrx_word' id='word_1_277' title='bbox 2067 4477 2192 4541; x_wconf 64' lang='grc' dir='ltr'><strong>ῳίω,</strong></span> <span class='ocrx_word' id='word_1_278' title='bbox 2217 4493 2315 4527; x_wconf 89' lang='lat' dir='ltr'><strong>om.</strong></span> <span class='ocrx_word' id='word_1_279' title='bbox 2340 4478 2403 4529; x_wconf 90' lang='lat' dir='ltr'><strong>O.</strong></span> 
     </span>
    </p>
   </div>
  </div>
 </body>
</html>
