3634 5800
614 858 745 911 Am.
784 844 1003 931 1171]
1486 865 1846 914 EPISTOLAE.
2593 848 2724 913 433

621 1049 834 1112 veteri
877 1050 1123 1114 nostris
1168 1050 1400 1115 diebus
1444 1050 1876 1115 suscitaretur
1921 1048 2236 1113 Herodes.
2333 1048 2478 1113 Pax
2521 1048 2726 1112 etiam

623 1150 883 1237 publice
928 1151 1088 1217 data
1136 1152 1537 1239 proditorem
1603 1150 2034 1216 nihilominus
2100 1171 2237 1215 non
2303 1150 2643 1215 revocavit
2686 1171 2729 1214 a

624 1252 907 1335 scelere3
956 1256 1088 1341 qui,
1134 1261 1449 1342 tanquam
1498 1278 1615 1343 per
1658 1277 1727 1321 se
1772 1276 1908 1320 non
1953 1254 2116 1321 satis
2161 1254 2498 1331 insaniret,
2547 1274 2732 1318 vesa-

623 1354 753 1419 niae
799 1376 937 1420 suae
981 1356 1403 1443 instigatores
1444 1357 1685 1423 habuit
1744 1356 1978 1421 dantes
2023 1354 2152 1421 sibi
2197 1376 2442 1421 cornua
2503 1375 2726 1440 pecca-

624 1457 771 1534 tori,
815 1456 1017 1523 falsos
1070 1459 1381 1525 videlicet
1425 1460 1589 1537 illos,
1634 1464 1703 1525 et
1746 1460 1836 1524 ab
1879 1458 2076 1525 omni·
2107 1457 2523 1523 ecclesiarum
2571 1455 2726 1521 orbe

625 1566 941 1645 perpetuo
987 1562 1409 1628 detestandos
1472 1564 1724 1641 fratres,
1772 1562 2134 1648 Rogerium
2177 1560 2492 1626 videlicet
2554 1558 2722 1625 Ebo-

623 1680 955 1726 racensem
1000 1662 1535 1741 archidiabolum,
1582 1680 1651 1729 et·
1694 1662 2220 1727 Londoniensem
2289 1667 2358 1727 et
2420 1659 2726 1725 Saresbe-

624 1760 924 1839 riensem,
969 1784 1104 1827 non
1132 1764 1482 1849 episcopos,
1514 1764 1628 1829 sed
1660 1763 2074 1849 apostaticos,
2108 1763 2224 1848 qui
2269 1762 2482 1827 filium
2513 1766 2726 1839 tuum,

625 1861 899 1927 fratrem
960 1886 1153 1929 suum
1220 1864 1485 1950 Joseph,
1562 1886 1698 1931 non
1764 1865 2042 1950 mystice
2066 1862 2090 1901 ¹
2144 1864 2261 1928 sed
2303 1864 2378 1927 in
2423 1863 2727 1939 veritate,

628 1965 1021 2042 occiderunt,
1065 1967 1275 2052 patris
1328 1966 1469 2052 jam
1514 1966 1689 2033 senis
1733 1988 1854 2031 nec
1921 1965 2446 2031 maledictionem
2513 1969 2726 2030 metu-

628 2071 829 2143 entes,
882 2088 1005 2132 nec
1070 2067 1283 2132 dolori
1348 2067 1452 2133 vel
1514 2068 1701 2133 aetati
1772 2072 2126 2153 parcentes.
2224 2066 2520 2146 Quorum
2584 2066 2730 2132 vita

628 2188 915 2253 praesens
966 2174 1045 2234 ut
1110 2170 1181 2233 in
1246 2170 1685 2234 amaritudine
1748 2173 2070 2255 perpetua
2129 2168 2238 2246 sit,
2283 2172 2352 2233 et
2415 2168 2732 2233 memoria

629 2290 853 2333 eorum
916 2270 987 2334 in
1055 2270 1513 2336 maledictione
1581 2277 1844 2348 aeterna‚
1891 2275 2116 2336 vestra
2175 2267 2478 2347 statuat?
2541 2274 2733 2356 pater

628 2376 865 2450 sancte,
898 2376 1128 2438 sancta
1156 2372 1528 2437 consolatio.
1622 2372 2058 2437 Praesentium
2090 2370 2458 2457 portitores,
2490 2371 2730 2457 magis·
2754 2379 2882 2457 'rhiq
2901 2381 3052 2431 letter

630 2478 807 2537 trum
838 2473 1291 2539 Alexandrum
1342 2477 1411 2538 et
1439 2474 1830 2559 magistrum
1854 2472 2268 2549 Gunterium‚
2287 2473 2466 2537 viros
2494 2472 2731 2559 probos
2755 2448 3052 2564 {2¹32}ssss

631 2579 701 2637 et
742 2574 1119 2651 industrios,
1168 2575 1283 2660 qui
1344 2580 1571 2639 sancto
1631 2572 1760 2639 Dei
1806 2574 2089 2659 martyri
2155 2574 2230 2637 in
2293 2573 2440 2638 vita
2502 2573 2734 2639 sociati
2757 2582 2860 2629 and

630 2684 789 2740 sunt
832 2680 901 2740 et
947 2676 1017 2739 in
1070 2681 1279 2740 morte
1346 2675 1635 2760 separari
1698 2696 1834 2739 non
1903 2680 2194 2760 possunt,
2259 2680 2499 2741 vestrae
2561 2696 2732 2742 com-
2759 2646 3008 2697 Gunther.

630 2777 975 2843 mendatos
1034 2798 1172 2842 esse
1240 2778 1550 2843 charitati
1592 2776 1874 2842 officiose
1941 2776 2234 2863 imploro,
2282 2776 2522 2861 quibus
2585 2798 2733 2861 quae

632 2878 1004 2946 litterarum
1049 2879 1331 2966 garrulis
1376 2879 1673 2965 apicibus
1704 2879 2116 2946 committere
2159 2878 2362 2957 nolui,
2409 2878 2733 2946 instillavi

630 2982 958 3059 secretius,
1003 2981 1191 3047 vobis
1234 2981 1308 3045 in
1354 3002 1509 3046 aure
1554 2981 1928 3047 revelanda.

1429 3397 1929 3467 DCCXXXVI.

724 3553 1167 3617 ALEXANDRO
1216 3567 1410 3616 PAPAE
1456 3551 1926 3618 THEOBALDUS
1971 3551 2354 3618 BLESENSIS
2397 3553 2668 3621 Conna-'³

791 3703 880 3766 (C.
910 3707 1035 3763 1963
1068 3704 1123 3752 Z.
1148 3720 1197 3752 v.
1222 3706 1285 3754 85
1306 3723 1319 3763 3
1356 3703 1490 3767 Lup.
1514 3719 1563 3752 v.
1588 3706 1648 3752 81
1669 3722 1683 3762 ς
1717 3701 1780 3751 R.
1805 3703 2008 3753 Hoved.
2033 3702 2082 3753 ii.
2109 3709 2173 3752 20
2194 3724 2209 3764 3
2245 3703 2428 3754 Thom-
2453 3707 2594 3767 356.)

724 3831 1291 3898 Reverendissimo
1308 3831 1337 3870 4
1377 3831 1525 3896 dom
1534 3829 1645 3895 ino
1691 3850 1809 3895 suo
1857 3837 1926 3896 et
1954 3832 2132 3917 patri
2165 3832 2559 3911 Alexandm,
2605 3833 2732 3898 Dei

632 3936 851 4021 gratia
866 3935 891 3974 ⁶
920 3955 1177 4000 summo
1221 3933 1536 4019 pontifici,
1566 3931 1982 3997 Theobaldus
2027 3933 2354 3999 Blesensis
2399 3955 2628 4014 comesi,
2664 3941 2734 4002 et

632 4036 821 4122 regni
886 4035 1283 4101 Francorum
1343 4038 1745 4120 procurator,
1788 4033 2088 4112 salutem,
2134 4039 2205 4100 et
2247 4036 2538 4102 debitam
2583 4059 2734 4104 cum

630 4137 821 4202 filiali
866 4137 1269 4222 subjectione
1311 4135 1767 4201 reverentiam.

700 4368 717 4400 ι
754 4365 1103 4427 vendiderunt,
1122 4363 1217 4414 ins.
1245 4365 1315 4414 Η.
1727 4363 1813 4491 1:
1850 4363 2108 4414 Bleseiter
2147 4363 2228 4415 for
2261 4365 2521 4419 Bleaemic
2555 4385 2732 4435 comes,

1049 4573 1059 4582 ,
1416 4571 1426 4582 ,
1796 4520 1819 4551 ⁴
1855 4517 2288 4581 Rem-entissime,
2313 4522 2376 4573 Ο.
2444 4525 2556 4576 'Hie
2577 4527 2732 4578 head.

636 4577 915 4626 auctoritas
931 4579 1138 4639 par-tter
1160 4578 1208 4620 et
1230 4576 1509 4621 austerum
1532 4571 1635 4636 effi-
1728 4597 1819 4663 ing
1849 4595 1902 4645 in
1937 4596 1980 4646 C
2017 4595 2062 4646 53
2096 4598 2316 4650 Domino
2351 4617 2504 4667 papoe
2543 4603 2733 4659 Theob-

631 4668 750 4717 ciat.
816 4663 1003 4716 Valeat
1017 4663 1268 4714 sanctitas
1284 4669 1467 4722 vestra,
1480 4669 1636 4726 pater
1730 4711 1745 4726 ,
1780 4711 1795 4724 ‚
1831 4710 1846 4724 ,
1881 4674 2118 4726 Francia·
2131 4687 2448 4741 procu-agor,

631 4765 815 4808 mete.
1795 4754 1817 4786 ⁸
1869 4755 1963 4804 Dei
1983 4755 2171 4818 qratia,
2198 4757 2256 4810 Ζ.

810 4852 843 4887 ο
916 4835 1093 4884 12478.
2343 4859 2390 4904 Ε
2423 4860 2468 4906 F}

700 4482 722 4514 ²
756 4483 808 4532 H
866 4481 1137 4532 concludes
1162 4485 1405 4544 z—pater
1447 4485 1634 4539 sancte,
