3634 5800
877 838 1007 900 402
1756 853 2115 903 Ems'mm.
2595 840 2760 925 [Ab.
2794 836 2985 907 1170.

877 1035 1017 1123 regi
1065 1041 1134 1103 et
1176 1039 1315 1103 suis
1378 1039 1731 1104 suadentes
1794 1040 2210 1107 concordiam
2272 1062 2476 1127 regno
2539 1041 2848 1107 inutilem
2915 1047 2986 1106 et

874 1137 1293 1206 inhonestam
1308 1138 1333 1177 ¹
1363 1162 1519 1219 esse,
1564 1140 1695 1205 nisi
1726 1141 2111 1207 donationes
2163 1141 2581 1209 ecclesiarum
2611 1147 2986 1208 nostrarum

878 1262 1043 1325 quas
1087 1263 1205 1309 rex
1266 1242 1515 1308 fecerat
1574 1242 1844 1309 stabiles
1889 1248 2247 1321 manerent,
2312 1249 2384 1310 et
2424 1266 2544 1310 nos
2607 1266 2986 1332 cogeremur

864 1344 1066 1429 -regni
1128 1344 1649 1422 consuetudines,
1717 1366 1916 1431 super
1959 1346 2200 1431 quibus
2269 1347 2445 1412 inter
2501 1368 2625 1412 nos
2671 1352 2774 1412 est
2836 1352 2983 1412 orta

878 1446 1232 1524 contentio,
1277 1446 1556 1511 firmiter
1576 1446 1603 1485 ²
1646 1447 2008 1514 observare.
2100 1448 2418 1534 Adeoque
2447 1450 2867 1535 profecerunt
2911 1450 2984 1513 in

876 1549 1421 1635 perversitatibus
1466 1550 1619 1627 suis,
1664 1557 1757 1630 ut,
1805 1571 2032 1616 eorum
2099 1552 2440 1629 instinctu,
2495 1552 2800 1618 dominus
2863 1574 2982 1617 rex

875 1673 1101 1717 omnes
1174 1652 1429 1717 reditus
1489 1658 1747 1719 nostros
1823 1661 1892 1718 et
1954 1660 2344 1733 nostrorum,
2391 1660 2544 1740 post
2609 1675 2836 1740 pacem
2907 1655 2979 1719 in

872 1754 1040 1819 festo
1113 1754 1325 1819 beatae
1416 1754 1645 1820 Mariae
1668 1752 1694 1793 ³
1770 1754 2185 1841 Magdalenae
2275 1755 2518 1822 factam
2607 1777 2816 1841 usque
2891 1757 2977 1822 ad

870 1855 1113 1921 festum
1180 1857 1361 1922 beati
1382 1855 1411 1894 4
1476 1856 1751 1921 Martini
1815 1857 2186 1933 abstulerit,
2247 1863 2412 1923 tunc
2479 1858 2744 1924 demum
2788 1858 2979 1923 nobis

869 1956 1105 2022 cedens
1122 1957 1147 1996 ⁵
1221 1960 1447 2023 domos
1537 1979 1778 2024 vacuas
1853 1964 1924 2024 et
1997 1958 2230 2024 horrea
2318 1959 2646 2024 demolita.
2742 1958 2976 2025 Clerici

533 2060 641 2111 Tho
662 2076 779 2125 pro-
868 2062 1093 2123 tamen
1123 2060 1243 2137 sui,
1276 2060 1527 2125 scilicet
1551 2059 1912 2124 Gaufridus
1943 2059 2172 2124 Ride1⁶
2203 2060 2703 2127 archidiaconus
2733 2067 2972 2139 noster,

532 2128 789 2243 32³?ssss

867 2169 937 2226 et
980 2160 1285 2248 Nigellus
1332 2161 1413 2227 de
1461 2160 1854 2241 Saccavilla,
1902 2161 2069 2227 duas
2115 2162 2419 2228 ecclesias
2487 2168 2762 2242 nostras,
2809 2185 2973 2249 quas

531 2259 846 2325 bishcpriek.
869 2264 951 2328 de
996 2284 1198 2328 manu
1244 2262 1412 2329 laica
1478 2269 1887 2349 acceperunt,
1936 2263 2154 2328 adhuc
2217 2264 2522 2329 detinent
2587 2271 2973 2350 occupatas;

524 2538 640 2625 m

528 2641 738 2692 writer-'s

522 2714 716 2759 return.

866 2369 935 2430 et
979 2363 1118 2449 ipse
1164 2364 1384 2450 plures
1430 2364 1716 2431 ecclesiae
1760 2370 2007 2431 nostrae
2054 2366 2511 2451 possessioneS,
2558 2387 2722 2451 quas
2767 2388 2836 2431 se
2897 2368 2969 2431 in

865 2468 1045 2553 pacis
1118 2466 1583 2533 reformatione
1658 2468 2052 2554 promiserat
2125 2468 2558 2545 redditurum,
2637 2469 2826 2533 nobis
2901 2480 2970 2534 et

865 2569 1148 2635 ecclesiae
1209 2575 1451 2636 nostrae
1526 2570 1795 2635 reddere
1814 2566 1841 2610 ⁷
1915 2570 2323 2647 contradicit,
2407 2575 2476 2636 et
2547 2570 2704 2635 licet
2776 2570 2972 2636 aliter

864 2693 1063 2758 quam
1128 2672 1346 2758 ipsum
1414 2672 1687 2750 deceret,
1755 2676 1986 2737 contra
2053 2676 2248 2758 pacta
2309 2692 2430 2737 sua
2497 2674 2604 2756 (ut
2665 2671 2968 2757 pluribus

858 2781 1095 2840 notum
1140 2775 1270 2857 est)
1317 2778 1706 2840 versaretur.
1826 2774 1967 2838 Nos
2043 2777 2264 2839 tamen
2350 2773 2641 2838 enormia
2725 2773 2969 2841 damna

858 2876 1146 2943 ecclesioe
1190 2882 1259 2942 et
1327 2874 1779 2962 irreparabilia
1825 2875 2147 2953 vidente8‚
2194 2880 2264 2940 et
2309 2878 2753 2959 praecaventes
2817 2898 2963 2962 gra-

856 2980 1065 3057 viora,
1132 2983 1354 3043 vestro
1376 2975 1403 3015 ⁸
1476 2983 1546 3042 et
1621 2976 2040 3043 dominorum
2115 2969 2550 3042 cardinalium
2627 2984 2964 3062 praeeunte

856 3081 1143 3160 consilio,
1188 3083 1275 3148 ad
1306 3081 1641 3147 ecclesiam
1672 3085 1970 3146 nostram
2016 3080 2369 3145 laceratam
2416 3083 2484 3145 et
2515 3079 2960 3146 conculcatam

852 3185 1063 3250 redire
1086 3183 1113 3224 ⁹
1180 3185 1609 3260 decrevimus
1679 3188 1777 3260 ut,
1827 3182 1884 3248 si
1933 3203 2076 3247 eam
2122 3201 2260 3247 non
2327 3201 2662 3268 possemus
2716 3183 2962 3268 erigere

851 3293 921 3354 et
983 3287 1354 3364 reformare,
1398 3286 1632 3352 saltem
1703 3305 1856 3350 611111
1901 3283 2046 3369 ipsa
2110 3288 2461 3370 pereuntes
2524 3283 2962 3349 confidentius

851 3411 973 3476 pro
1018 3390 1161 3476 ipsa
1214 3393 1567 3475 praesentes
1635 3386 1948 3472 spiritum
2015 3385 2454 3450 redderemus
2550 3384 2742 3466 Quod
2809 3405 2958 3450 cum

845 3492 946 3556 illi
991 3491 1244 3557 inimici
1268 3487 1319 3530 ¹⁰
1385 3489 1597 3554 nostri
1668 3487 1913 3554 certius
1981 3486 2382 3563 didicissent,
2427 3486 2812 3573 ambiguum
2859 3493 2960 3552 est

844 3593 1005 3679 quid
1050 3591 1267 3668 veriti,
1336 3590 1679 3658 consilium
1747 3590 2046 3654 inierunt
2111 3609 2262 3654 cum
2327 3587 2714 3654 officialibus
2778 3590 2953 3675 regis

844 3699 913 3760 et
1002 3693 1497 3782 sceleratissimo
1524 3707 1543 3730 ⁸
1572 3691 1687 3758 illo
1762 3691 1902 3756 filio
1977 3691 2372 3777 perditionis
2449 3689 2782 3757 Randulfo
2872 3693 2954 3757 de

842 3795 1073 3874 Broch‚
1121 3795 1237 3882 qui
1266 3795 1339 3858 in
1369 3793 1704 3859 6661661616
1735 3792 1882 3870 Dei,
1913 3792 2192 3879 publicae
2217 3793 2564 3878 potestatis
2581 3791 2630 3830 1¹
2677 3791 2956 3858 abutens

839 3896 1163 3976 viribus,12
1214 3897 1359 3982 jam
1428 3917 1546 3982 per
1590 3899 1844 3981 septem
1897 3915 2105 3959 annos
2161 3892 2470 3959 licentius
2515 3893 2953 3959 debacchatus

838 4006 955 4068 est.
1047 3999 1501 4066 Decreverunt
1531 4019 1686 4084 ergo
1731 4001 1810 4062 ut
1856 4002 2111 4061 armata
2154 4015 2358 4060 manu
2379 3993 2432 4033 ¹³
2473 3999 2702 4081 portus
2733 3997 2953 4078 maris,

902 4233 918 4265 1
953 4233 1008 4282 in
1030 4231 1351 4288 honestatem,
1374 4227 1443 4278 V.
2007 4225 2030 4259 ⁸
2063 4232 2246 4286 vestro,
2270 4225 2332 4286 C,
2357 4227 2430 4285 Z3
2467 4233 2656 4287 ποεενο,
2679 4224 2737 4276 L.

898 4313 921 4346 2
940 4312 1177 4376 firmiter,
1199 4323 1298 4360 om.
1320 4307 1383 4358 L.
2007 4304 2030 4338 ⁰
2063 4304 2246 4365 redire,
2267 4319 2371 4355 om.
2395 4303 2464 4354 L.

897 4393 919 4426 ⁸
954 4390 1162 4451 Maria,
1182 4387 1253 4450 A,
1276 4385 1342 4450 O,
1366 4385 1433 4447 Z;
1470 4399 1572 4439 om.
1596 4384 1657 4446 C,
1680 4385 1739 4436 L.
2007 4384 2048 4418 ¹⁰
2081 4385 2248 4446 amici,
2305 4383 2378 4444 03
2434 4383 2624 4446 nuncii,
2656 4382 2732 4444 L;
2801 4385 2951 4434 amici

896 4470 917 4502 ⁴
949 4468 1136 4529 sancti,
1161 4466 1221 4519 C.
1937 4478 2064 4515 corr·
2088 4470 2143 4513 to
2165 4461 2370 4522 inimici,
2393 4461 2473 4522 A;
2509 4461 2662 4511 amici
2686 4459 2786 4523 illi,
2807 4461 2865 4512 Z.

892 4549 913 4582 ὅ
948 4547 1144 4608 cedens,
1168 4545 1289 4596 with
1311 4541 1527 4594 reddens
1550 4558 1608 4593 as
1634 4557 1834 4594 correc-
2004 4539 2042 4575 ¹¹
2069 4541 2354 4606 potestatis,
2377 4555 2480 4590 om.
2507 4539 2568 4592 C.

826 4627 949 4690 tion,
972 4628 1017 4680 C
1043 4648 1058 4687 ;
1094 4623 1386 4686 concedens,
1406 4621 1464 4672 Ζ.
2006 4620 2045 4653 ¹²
2077 4619 2288 4680 viribus,
2311 4618 2380 4680 A,
2407 4621 2478 4681 Ζ;
2510 4617 2728 4682 iuribus,
2749 4619 2812 4670 L.

892 4707 914 4740 ⁶
948 4703 1120 4768 Ridet,
1140 4719 1241 4756 om.
1266 4702 1323 4753 Z.
2004 4697 2044 4732 ¹⁸
2079 4714 2244 4759 manu,
2271 4697 2332 4758 C,
2357 4697 2421 4757 O,
2445 4697 2528 4757 A3
2562 4713 2750 4761 manus,
2773 4696 2834 4747 L.

889 4785 915 4824 7
946 4783 1088 4835 nobis
1122 4819 1136 4835 .
1172 4819 1187 4835 .
1224 4819 1237 4834 .
1272 4779 1493 4842 reddere,
1515 4795 1617 4832 om.
1639 4778 1701 4830 L.
