3634 5800
586 915 723 966 Aa).
760 895 981 981 11'71.]
1461 868 1824 961 EPISTOLAE.
2567 888 2698 953 463

594 1090 765 1175 tyris
796 1091 1065 1158 Thomae
1097 1089 1595 1157 Cantuariensis
1636 1090 2127 1178 archiepiscopi,
2159 1090 2274 1174 qui
2320 1110 2455 1156 non
2499 1079 2695 1154 modo

592 1192 929 1259 ecclesiam
992 1194 1343 1280 propriam,
1389 1194 1504 1258 sed
1557 1198 1908 1279 utramque
1971 1191 2378 1279 provinciam
2445 1190 2694 1277 Anglo-

593 1315 743 1358 rum
784 1300 853 1359 et
870 1295 896 1332 ¹
950 1296 1369 1373 Gallicorum,
1416 1286 1751 1362 miraculis
1801 1293 2032 1359 multis
2073 1298 2142 1359 et
2185 1294 2444 1379 magnis
2462 1289 2488 1329 ²
2531 1292 2694 1356 irra-
2721 1300 2803 1354 Cf.
2827 1305 2928 1354 vol.
2950 1302 3003 1355 ii.

508 1403 521 1409 “
598 1395 757 1473 diat,
832 1402 1131 1463 constare
1207 1420 1344 1462 non
1412 1398 1663 1475 dubito,
1740 1396 1813 1460 in
1882 1418 1962 1462 ea
2027 1416 2162 1460 non
2231 1394 2454 1460 censui
2529 1392 2696 1457 mihi
2722 1373 2839 1419 3¹⁶·

596 1497 849 1562 diutius
910 1498 1443 1578 immorandum3
1502 1498 1873 1586 praesertim
1919 1518 2069 1563 eum
2117 1501 2186 1561 et
2231 1500 2496 1581 tempus
2539 1493 2700 1559 scri-

595 1597 796 1664 bendi
864 1598 1063 1665 breve
1128 1602 1234 1678 sit,
1296 1605 1382 1676 et,
1444 1605 1524 1664 ut
1586 1600 1838 1685 opinor,
1875 1598 2019 1684 jam
2086 1598 2226 1663 fere
2293 1618 2410 1683 per
2475 1596 2700 1661 orbem

598 1699 913 1764 Latinum
958 1722 1044 1765 ex
1089 1700 1408 1766 relatione
1460 1700 1899 1787 plurimorum
1960 1699 2051 1764 sit
2107 1702 2270 1764 nota
2313 1702 2385 1762 et
2426 1696 2703 1783 vulgata

598 1800 893 1867 materia.
1016 1802 1183 1891 Hoc⁴
1225 1805 1453 1868 tamen
1512 1802 1585 1866 in
1631 1806 1822 1867 tanto
1883 1801 2132 1866 divinae
2192 1798 2703 1885 dispensationis

598 1923 871 1967 munere
936 1902 1265 1967 silendum
1332 1924 1472 1968 esse
1539 1923 1674 1968 non
1738 1902 2008 1979 credidi,
2032 1902 2236 1987 'quod
2298 1900 2386 1966 ad
2445 1900 2575 1965 Dei
2637 1904 2704 1965 et

598 2003 911 2089 martyris
988 2004 1091 2067 sui
1158 2003 1438 2091 gloriam
1501 2004 1800 2069 universi
1877 2004 2224 2069 mirantur.
2363 2002 2540 2083 Quia
2613 2000 2708 2066 sic

600 2127 824 2170 omnes
868 2104 1383 2171 circumstantiae
1429 2110 1909 2172 concurrerunt
1928 2102 1954 2143 ³
1997 2106 2070 2169 in
2100 2126 2310 2192 agone
2353 2103 2706 2191 pontificia

602 2211 682 2271 ut
749 2206 1067 2292 patientis
1131 2206 1408 2292 titulum
1472 2212 1795 2293 perpetuo
1861 2204 2295 2283 illustrarent,
2364 2210 2433 2271 et
2490 2226 2708 2292 perse-

606 2308 953 2393 quentium
1006 2308 1381 2374 revelarent
1425 2308 1859 2394 impietatem,
1907 2314 1976 2373 et
2021 2330 2264 2374 nomen
2311 2308 2709 2395 sempiterno

606 2409 1019 2476 macularent
1082 2410 1449 2497 opprobrio.
1576 2410 1649 2475 Si
1714 2411 1892 2476 enim
1959 2430 2271 2495 personas
2332 2409 2490 2476 hinc
2552 2410 2709 2474 inde

606 2512 854 2577 intueri
930 2517 1001 2577 et
1068 2512 1289 2579 metiri
1362 2511 1706 2598 placuerit,
1778 2512 2064 2578 occurrit
2137 2512 2295 2576 hinc
2367 2510 2712 2598 religiosus

607 2613 1151 2700 archiepiscopus,
1199 2614 1701 2680 Britanniarum
1754 2615 2025 2700 primas,
2072 2614 2245 2679 sedis
2266 2612 2295 2651 ⁴
2336 2613 2713 2699 apostolicae

612 2715 894 2801 legatuS,
954 2714 1169 2800 judex
1231 2716 1860 2803 incorruptissimus,
1923 2719 2157 2802 utpote
2231 2736 2353 2782 nec
2414 2720 2717 2801 acceptor

612 2836 1039 2904 personarum
1100 2837 1223 2883 nec
1266 2839 1635 2897 munerum,
1682 2820 1966 2883 assertor
2010 2815 2462 2883 ecclesiasticae
2520 2816 2716 2881 liber-

612 2919 793 2995 tatis,
824 2923 893 2984 et
933 2919 1122 3004 quasi
1166 2920 1371 2984 turris
1418 2925 1636 2986 erecta
1678 2920 1753 2983 in
1796 2919 2166 2985 Jerusalem
2210 2923 2440 2985 contra
2481 2919 2718 2986 faciem

615 3021 940 3098 Damasci,
986 3019 1269 3086 malleus
1324 3022 1699 3108 impiorum,
1746 3021 1862 3086 sed
1911 3042 2275 3108 pauperum
2323 3027 2392 3086 et
2436 3042 2715 3087 moeren-

616 3124 788 3188 tium
834 3122 1217 3189 consolator.
1310 3122 1578 3188 Viderit
1622 3123 1739 3208 qui
1783 3123 2072 3188 voluerit
2102 3121 2128 3160 ⁵
2174 3123 2322 3208 quis
2369 3145 2405 3188 e
2450 3123 2721 3210 regione

616 3224 941 3310 procedat.
1084 3223 1176 3288 Et
1243 3224 1299 3288 si
1366 3245 1563 3290 causa
1631 3228 1993 3309 martyrem
2061 3223 2242 3302 facit,
2307 3225 2484 3310 quod
2551 3224 2722 3289 nulli

618 3330 871 3392 rectum
934 3325 1223 3412 sapienti
1290 3326 1481 3390 venit
1542 3325 1615 3388 in
1678 3325 1974 3402 dubium,
2032 3325 2195 3410 quid
2250 3325 2514 3411 justina,
2562 3327 2724 3414 quid

619 3428 911 3495 sanctius
957 3448 1155 3493 causa
1214 3427 1409 3513 ejus?
1478 3428 1594 3512 qui
1640 3447 1794 3512 opes
1849 3432 1918 3492 et
1964 3447 2225 3492 omnem
2289 3429 2522 3493 mundi
2583 3429 2724 3516 glo-

620 3532 804 3609 riam,
850 3529 966 3616 qui
1012 3529 1373 3595 amicorum
1436 3533 1508 3594 et
1560 3529 1770 3594 totius
1835 3529 2248 3615 cognationis
2308 3529 2724 3596 affectionem

619 3653 741 3719 pro
787 3631 1043 3698 Christi
1088 3652 1309 3696 amore
1359 3637 1804 3708 contemnens,
1853 3631 2165 3695 exsilium
2227 3630 2452 3710 subiit,
2500 3654 2570 3698 se
2616 3638 2686 3698 et
2701 3629 2728 3670 ⁰

618 3755 768 3798 suos
814 3753 1039 3798 omnes
1086 3733 1396 3819 exposuit
1456 3731 1767 3818 periculis
1821 3736 1892 3796 et
1942 3732 2367 3818 paupertati:
2433 3733 2552 3820 qui
2608 3755 2727 3820 pro

623 3836 767 3921 lege
810 3833 939 3900 Dei
986 3835 1091 3899 sui
1124 3835 1375 3900 tuenda
1421 3839 1493 3898 et
1522 3833 1922 3900 evacuandis
1968 3833 2398 3900 abusionibus
2427 3839 2729 3901 veterum

624 3941 1063 4021 tyrannorum
1122 3937 1406 4002 certavit
1452 3956 1659 4020 usque
1704 3936 1791 4000 ad
1838 3939 2158 4000 mortem:
2222 3957 2343 4001 nec
2389 3936 2460 4000 in
2504 3937 2732 4022 aliqua

627 4037 1046 4123 obligatione,
1092 4042 1446 4123 postquam
1501 4035 1701 4102 semel
1766 4037 1991 4122 lapsus
2039 4041 2157 4114 est,
2205 4041 2439 4124 captus
2499 4038 2731 4103 insidi—

627 4139 886 4206 antium
935 4138 1086 4203 dolo
1150 4139 1377 4203 induci
1443 4139 1665 4225 potuit
1724 4145 1804 4203 ut
1847 4137 2104 4224 aliquid
2166 4160 2392 4204 eorum
2438 4161 2586 4225 quae
2646 4141 2732 4206 ab

629 4243 773 4328 ipso
820 4240 1259 4326 exigebantur
1323 4240 1759 4326 promitteret,
1806 4241 1972 4326 quin
2017 4241 2088 4305 in
2133 4240 2440 4306 omnibus
2492 4242 2734 4327 adjice-

630 4349 735 4409 ret
775 4342 1092 4409 honorem
1147 4341 1276 4406 Dei
1322 4348 1391 4406 et
1436 4341 1854 4408 honestatem
1917 4341 2204 4408 ecclesiae
2264 4342 2517 4409 salvam
2577 4343 2733 4410 fore.

702 4595 715 4623 ¹
752 4599 799 4641 et
826 4589 1157 4652 Gallicorum,
1180 4591 1251 4650 Z;
1287 4606 1386 4640 om.
1410 4589 1475 4641 G.
1800 4589 1821 4621 ⁴
1853 4597 1903 4638 et
1927 4593 2089 4654 apost.
2113 4589 2259 4651 cedia,
2284 4591 2339 4643 Ζ.

700 4672 721 4704 2
756 4671 962 4735 maynio,
983 4668 1047 4731 O,
1071 4669 1111 4718 Z
1134 4687 1147 4726 ς
1177 4669 1421 4730 maximis,
1447 4669 1511 4720 G.
1802 4667 1824 4700 ⁵
1856 4669 2065 4729 noverit,
2089 4669 2154 4723 G.

700 4749 723 4782 ³
754 4753 1131 4811 concurrerunt,
1189 4749 1255 4808 O,
1301 4747 1373 4810 Z3
1430 4763 1637 4798 concur·
1805 4746 1828 4780 ⁶
1861 4763 2087 4813 suosque,
2107 4749 2166 4799 Z.

634 4836 773 4888 runt,
799 4828 861 4880 G.
