3634 5800
868 851 997 916 282
1769 863 2134 916 EPIsToLAE.
2587 848 2751 932 [an.
2781 845 2982 916 1170.

868 1052 1093 1116 silium
1160 1057 1229 1116 et
1288 1050 1835 1136 proscriptionem
1880 1055 2180 1120 nostram
2234 1050 2380 1136 jam
2441 1071 2558 1136 per
2605 1071 2724 1116 sex
2767 1071 2979 1118 annos

536 1172 780 1236 Iniustioe
869 1154 1203 1241 protraxit
1232 1153 1473 1232 Ouria;
1502 1154 1888 1220 innocentes
1919 1153 2146 1219 miseri
2177 1174 2297 1240 pro
2327 1152 2641 1218 libertate
2686 1153 2976 1220 ecclesiae

535 1239 710 1358 (ὂῖἓέ
869 1255 1080 1341 gratis
1142 1256 1213 1319 in
1288 1255 1526 1319 itinere
1600 1254 1960 1340 perierunt,
2024 1259 2094 1319 et
2169 1258 2622 1339 persecutores
2689 1253 2978 1322 ecclesiae

872 1356 1083 1442 spolia
1103 1356 1128 1395 ¹
1191 1360 1419 1422 nostra
1492 1355 1941 1422 cardinalibus
2008 1361 2080 1421 et
2143 1355 2506 1422 curialibus
2571 1354 2981 1441 promittunt

872 1464 943 1523 et
986 1457 1402 1544 largiuntur3
1446 1462 1516 1522 et
1559 1456 1655 1524 sic
1672 1455 1697 1495 Β
1766 1457 2094 1522 Barrabas
2110 1454 2136 1495 ³
2179 1457 2552 1522 dimittitur
2597 1462 2667 1522 et
2728 1456 2988 1524 crucifi-

871 1562 1054 1647 gitur
1122 1560 1441 1626 Christus,
1536 1557 1912 1626 Creditores
1975 1559 2288 1625 exhausti
2353 1565 2529 1637 sunt,
2577 1563 2646 1623 et
2715 1560 2771 1623 si
2819 1579 2984 1644 quos

876 1662 1185 1727 movebat
1236 1661 1571 1727 miseratio
1640 1661 1861 1726 exsilii
1906 1661 2136 1737 nostri,
2184 1660 2346 1725 visis
2371 1659 2398 1698 ⁴
2460 1660 2566 1725 his
2612 1680 2764 1746 quae
2807 1661 2984 1724 fiunt

879 1785 921 1828 a
964 1762 1229 1827 domino
1296 1783 1485 1848 papa,
1536 1763 1900 1826 mittuntur
1945 1762 2019 1826 in
2079 1762 2626 1847 desperationem.
2719 1760 2852 1827 Sed
2918 1765 2987 1825 et

878 1865 1023 1931 haec
1088 1865 1160 1929 in
1222 1870 1444 1929 monte
1520 1862 1850 1928 Dominus
1915 1863 2194 1940 videbit,
2271 1869 2340 1929 et
2411 1863 2745 1949 judicabit
2823 1863 2986 1928 fines

880 1972 1073 2032 terrae
1121 1966 1254 2050 Maj
1262 1969 1435 2030 estas
1480 1964 1597 2030 illa
1639 1964 1957 2029 terribilis
1990 1985 2138 2050 quae
2186 1964 2406 2030 aufert
2450 1965 2761 2051 spiritum
2805 1964 2986 2049 prin-

882 2069 1123 2152 cipum.
1214 2066 1357 2131 Nos
1400 2087 1518 2151 per
1562 2067 1850 2152 gratiam
1911 2067 1968 2151 ej
1979 2089 2073 2143 uS‚
2120 2067 2262 2131 sive
2309 2066 2472 2143 vivi,
2521 2066 2660 2132 sive
2723 2065 2992 2143 mortui,

886 2169 1097 2253 ipsius
1160 2189 1387 2232 sumus
1434 2172 1504 2232 et
1547 2168 1830 2247 erimus3
1874 2168 2092 2254 parati
2139 2189 2260 2253 pro
2324 2167 2635 2234 libertate
2703 2167 2991 2234 ecclesiae

888 2270 1215 2348 exsilium,
1261 2270 1828 2356 proscriptionem,
1875 2276 1945 2335 et
1991 2270 2214 2336 omnia
2259 2271 2494 2336 mundi
2561 2270 2994 2346 incommoda,

888 2372 1205 2458 quamdiu
1236 2372 1363 2458 ipsi
1382 2371 1407 2410 ⁵
1436 2371 1657 2436 visum
1694 2371 1912 2450 fuerit,
1945 2373 2288 2437 sustinere.
2381 2372 2666 2437 Utinam
2696 2371 2995 2437 invenia-

886 2495 1042 2537 mur
1102 2473 1291 2558 digni
1358 2473 1475 2558 qui
1538 2473 2062 2559 persecutionem
2135 2495 2255 2560 pro
2312 2473 2583 2560 justitia
2649 2474 2996 2561 patiamur.

892 2575 1087 2642 Certe
1152 2575 1236 2640 ob
1304 2575 1476 2640 hanc
1552 2596 1817 2642 causam
1837 2573 1864 2614 ⁰
1908 2596 2044 2640 non
2107 2575 2304 2642 modo
2348 2575 2814 2653 cardinalibus,
2879 2575 2997 2662 qui

894 2677 1179 2744 ecclesiae
1220 2677 1623 2745 auctoritate
1684 2677 2026 2743 ecclesiam
2076 2677 2494 2764 impugnant,
2542 2699 2677 2756 nos,
2723 2683 2805 2743 ut
2863 2676 2999 2742 Do·

893 2780 1077 2844 mino
1122 2779 1471 2864 placuerit,
1518 2778 1924 2864 torquendos
1987 2778 2420 2864 exponimus3
2465 2779 2580 2844 sed
2628 2779 2753 2844 etsi
2815 2783 2999 2843 totus

897 2880 1185 2947 mundus
1252 2881 1459 2967 (quod
1504 2880 1709 2966 absit)
1776 2880 2102 2968 insurgat,
2153 2880 2240 2947 ab
2305 2880 2592 2947 ecclesite
2659 2880 3002 2960 fidelitate,

896 3005 1099 3070 quam
1142 2984 1419 3070 professi
1488 3005 1733 3061 sumuS,
1779 2982 1924 3048 Deo
1988 2984 2367 3061 miserante,
2411 3004 2546 3049 non
2611 2985 3004 3051 recedemus.

900 3085 1030 3150 Oui
1076 3086 1158 3152 de
1204 3091 1441 3152 caetero
1488 3106 1665 3151 curae
1710 3085 1805 3149 sit
1847 3089 1918 3149 et
1972 3086 2183 3150 nostri
2229 3085 2541 3163 misereri,
2589 3091 2658 3151 et
2703 3085 3006 3161 ecclesiae,

901 3207 1103 3271 quam
1148 3187 1507 3273 apostolica
1550 3187 1739 3251 sedes
1784 3186 2087 3272 exponit,
2135 3186 2310 3251 tueri
2375 3186 2774 3253 libertatem.
2865 3186 3008 3251 Nos

566 3304 653 3355 He
674 3316 749 3352 re-
904 3309 988 3353 ex
1034 3288 1372 3374 proposito
1418 3288 1690 3355 Curiam
1736 3307 1875 3351 non
1904 3286 2317 3365 vexabimus,
2370 3286 2486 3353 sed
2515 3308 2662 3353 eam
2708 3288 3014 3353 cedemus

564 3368 852 3487 ξζζῧὸξξιζ.
901 3390 1035 3455 illis
1082 3412 1363 3476 quorum
1427 3390 1521 3453 ibi
1568 3393 1956 3474 acceptatur
2005 3388 2346 3474 iniquitas,
2410 3394 2479 3453 et
2522 3390 2639 3474 qui
2687 3388 3011 3453 venalita-

903 3498 1040 3557 tem
1086 3491 1233 3577 ejus
1291 3491 1660 3577 praedicant
1710 3496 1780 3555 et
1829 3490 2163 3556 cantitant
2193 3491 2266 3554 in
2313 3490 2567 3575 plateis
2665 3488 3014 3556 Parcentes

906 3604 1133 3659 autem
1192 3594 1545 3659 reticemus
1562 3593 1586 3633 ⁷
1651 3593 1815 3678 quid
1886 3592 2128 3678 quibus
2199 3614 2282 3657 ex
2347 3612 2545 3658 causa
2607 3591 3015 3659 mercimonii

912 3695 1115 3781 hujus
1181 3695 1504 3761 donatum
1568 3700 1686 3771 est,
1753 3694 1920 3779 quid
1989 3694 2401 3779 promissum.
2529 3692 2671 3758 Nec
2733 3694 3014 3759 dubium

912 3798 1077 3881 quin
1159 3796 1367 3880 aliqui
1438 3816 1665 3861 eorum
1741 3796 1858 3881 qui
1935 3794 2452 3881 triumphatores
2526 3796 2884 3873 redierunt,
2949 3815 3018 3859 se

912 3920 1049 3965 non
1096 3898 1537 3983 triumphasse
1597 3896 1977 3962 maluerint.
2075 3897 2211 3963 Vos
2258 3902 2481 3961 autem
2549 3897 2664 3983 qui
2733 3897 3020 3964 ecclesiae

914 4000 1357 4087 patrocinium
1402 4000 1474 4063 in
1518 4004 1709 4065 tanto
1754 3998 2052 4085 periculo
2098 3999 2498 4085 suscepistis,
2530 3999 2605 4062 in
2652 3999 2826 4065 bono
2873 4020 3018 4085 per-

914 4096 1213 4167 severate
1258 4099 1613 4186 proposito,
1658 4121 1795 4166 non
1856 4100 2087 4177 nostri,
2134 4099 2251 4185 qui
2295 4099 2468 4164 nihil
2517 4120 2701 4186 posse
2746 4101 3024 4186 permit-

917 4203 1144 4280 timur,
1208 4201 1785 4287 contemplatione,
1835 4202 1950 4267 sed
2015 4201 2215 4279 illius,
2270 4202 2388 4286 qui
2433 4208 2733 4267 vestrum
2794 4204 3024 4289 procul

919 4304 1123 4370 dubio
1166 4305 1241 4367 in
1284 4303 1726 4370 retributione
1769 4304 1962 4368 uberi
2007 4303 2462 4369 remunerabit
2506 4304 2911 4389 obsequium,
2959 4309 3028 4370 et

979 4519 995 4552 ¹
1034 4526 1101 4579 et,
1134 4516 1233 4567 ins.
1268 4516 1350 4577 03
1384 4532 1485 4568 om.
1518 4518 1591 4581 by
1624 4515 1925 4577 correction,
2093 4516 2116 4550 ⁴
2147 4518 2262 4577 nisi,
2284 4518 2354 4569 V.

972 4635 987 4652 ‚
2093 4596 2114 4627 ⁵
2149 4598 2327 4662 ipsum,
2349 4596 2420 4647 V.

983 4675 1005 4710 ²
1038 4677 1129 4737 sie,
1152 4674 1215 4735 Ο,
1238 4674 1309 4736 Ζς
1344 4691 1493 4737 nunc,
1512 4674 1578 4726 L.
2093 4674 2114 4707 ⁶
2149 4690 2395 4736 caussam,
2417 4674 2478 4727 L.

984 4758 1007 4791 ⁸
1040 4753 1337 4820 Barrabas,
1357 4754 1428 4819 A,
1456 4755 1519 4816 V,
1543 4753 1608 4819 O,
1634 4756 1691 4807 Z.
2093 4752 2117 4791 ⁷
2151 4753 2430 4817 recitemus,
2452 4755 2522 4806 V.

914 4600 969 4651 A
