3634 5800
893 904 929 965 6
1784 914 2145 963 arusTonAE.
2600 900 2756 985 [mn.
2794 903 2994 965 1109·

894 1100 1207 1165 vitiorum
1253 1102 1594 1187 purgatio,
1649 1102 1977 1165 virtutum
2046 1103 2525 1179 conflatorium,
2568 1104 2813 1169 electos
2860 1111 2995 1169 sta-

892 1206 1084 1265 tuens
1131 1201 1307 1266 inter
1357 1201 1662 1266 malleum
1711 1208 1780 1267 et
1826 1202 2171 1281 incudem;
2232 1204 2345 1267 sed
2392 1204 2475 1268 de
2512 1204 2617 1268 his
2687 1206 2993 1269 omnibus

890 1303 1128 1368 liberat
1191 1326 1300 1367 eos
1375 1304 1723 1379 Dominus,
1801 1310 1871 1368 et
1945 1304 2256 1389 probatos
2332 1305 2678 1371 illustriori
2754 1329 2996 1372 corona

889 1403 1234 1490 glorificat.
1355 1403 1428 1469 Si
1520 1403 1858 1469 licentiam
1940 1404 2141 1490 (quod
2235 1412 2460 1471 tamen
2538 1429 2673 1473 non
2772 1409 2991 1493 credo)

889 1504 1358 1569 transfretandi
1406 1504 1788 1583 obtinuerit,
1820 1506 2023 1571 timeo
2054 1528 2136 1571 ne
2166 1515 2454 1593 cogatur,
2486 1530 2623 1573 non
2666 1508 2751 1574 ad
2782 1531 2995 1587 suum,

890 1606 1005 1671 sed
1025 1606 1048 1644 ¹
1095 1606 1419 1671 exactoris
1449 1606 1799 1672 arbitrium
1847 1608 2195 1693 appellare.
2274 1609 2347 1673 Si
2395 1612 2573 1674 enim
2620 1611 2705 1675 ad
2752 1617 2989 1676 nutum

891 1707 1098 1791 ipsius
1141 1728 1275 1771 non
1343 1708 1781 1793 processerint
1850 1709 2175 1785 universa,
2237 1710 2741 1777 exacerbabitur
2784 1712 2991 1798 impa-

891 1809 1133 1873 tientia
1195 1808 1355 1894 cjmz,
1421 1809 1528 1874 cui
1591 1810 1762 1875 citra
1827 1811 2109 1877 aliorum
2178 1812 2587 1877 eversionem
2656 1813 2828 1878 nihil
2893 1818 2996 1877 est

891 1912 1100 1991 satis;
1189 1911 1246 1974 si
1322 1912 1774 1995 processerint,
1834 1912 2101 1997 justitia
2177 1911 2608 1999 relinquetur,
2684 1921 2753 1979 et
2832 1915 2991 1999 (quo

893 2011 1057 2076 nihil
1124 2011 1415 2077 deterius
1475 2017 1597 2076 aut
1655 2014 1918 2097 turpius
1983 2015 2131 2096 est,)
2196 2014 2568 2080 offendetur
2631 2017 2825 2081 Deus.
2919 2016 2991 2080 si

893 2112 1096 2197 (quod
1143 2115 1352 2199 magis
1396 2116 1614 2195 credo)
1662 2114 2089 2179 transfretare
2152 2115 2596 2200 prohibeatur,
2662 2118 2864 2182 timeo
2909 2138 2992 2181 nc

890 2216 1066 2279 solus
1129 2215 1482 2280 subsistere
1544 2238 1678 2281 non
1748 2218 1971 2303 possit,
2040 2223 2141 2283 tot
2184 2218 2443 2283 insidiis
2488 2221 2843 2306 appetituS,
2892 2226 2993 2285 tot

893 2322 1284 2402 provocatus
1358 2318 1637 2403 injuriiS,
1719 2326 1789 2383 et
1858 2321 2226 2385 -tortorib'us
2302 2322 2555 2387 cunctis
2632 2324 2988 2408 expositus

891 2420 1066 2484 Nam
1114 2424 1182 2483 ct
1227 2418 1351 2483 hoc
1393 2420 1672 2485 fortasse
1739 2422 2067 2487 mandatis
2132 2424 2603 2509 principalibus
2648 2426 2989 2491 inseretur.

893 2520 1126 2585 Mitius
1173 2526 1412 2597 tamen,
1460 2522 1516 2585 si
1586 2523 1746 2606 quid
1815 2530 2237 2589 mansuetum
2284 2547 2423 2615 esse
2472 2526 2690 2591 valeat
2736 2527 2809 2592 in
2854 2532 2988 2591 tor-

890 2623 1148 2698 mentiS,
1196 2622 1459 2686 tolerari
1529 2630 1845 2707 poterunt
1912 2625 2251 2690 inferiores
2322 2627 2603 2691 ministri
2657 2628 2990 2705 Sathanae,

889 2746 1084 2808 quam
1133 2724 1244 2789 ille
1313 2746 1598 2809 praesens
1665 2725 1780 2809 qui
1844 2727 2263 2812 exigentibus
2324 2730 2609 2814 peccatis
2678 2730 2988 2815 majorem

891 2826 1169 2891 nocendi
1215 2826 1466 2912 accepit
1513 2848 1554 2890 a
1601 2826 1888 2891 Domino
1918 2834 2332 2914 potestatem.
2397 2830 2595 2895 Unde
2626 2832 2989 2896 consultius

888 2929 1190 3005 arbitror,
1224 2935 1302 2992 ut
1347 2929 1664 3013 quamdiu
1711 2953 1829 3014 per
1873 2931 2351 3016 dispensatoria
2398 2933 2812 3011 diverticula,
2843 2957 2988 3019 quae

889 3037 1112 3095 tamen
1149 3030 1486 3115 justitiam
1533 3031 1913 3096 nullatenus
1976 3031 2357 3118 impediant,
2404 3035 2681 3100 evadere
2725 3038 2989 3121 poterit,

887 3133 1219 3218 patienter
1263 3132 1530 3197 interim
1598 3133 1926 3197 sustineat
1993 3132 2292 3198 babitare
2359 3157 2506 3200 cum
2554 3136 2710 3200 filiis
2757 3137 2985 3216 Cedar,

887 3219 1670 3318 exspectansconsilium
1717 3237 1786 3298 et
1832 3233 2341 3299 consolationem
2409 3258 2452 3301 a
2507 3237 2806 3303 Domino,
2912 3241 2987 3304 Si

889 3357 1046 3399 vero
1093 3357 1312 3421 regem
1360 3335 1573 3399 redire
1620 3335 1989 3420 contigerit,
2038 3342 2107 3400 et
2152 3336 2383 3402 durius
2428 3340 2863 3404 conveniatur
2910 3347 2987 3406 ut

887 3443 1181 3503 transeat
1226 3437 1298 3500 in
1361 3437 1704 3522 collegium
1779 3437 2147 3523 impiorum,
2218 3461 2443 3503 vocem
2489 3441 2798 3525 pontifice
2842 3443 2987 3528 dig-

885 3560 1042 3604 nam
1091 3542 1356 3602 exserat
1400 3536 1472 3601 in
1540 3537 1783 3622 spiritu
1850 3539 2199 3619 libertatiS,
2268 3548 2337 3604 et
2380 3547 2736 3626 antequam
2785 3543 2985 3609 laedat

886 3640 1172 3706 ecclesiae
1219 3639 1684 3716 conditionem,
1753 3649 2040 3726 sumpta,
2087 3663 2285 3726 quam
2332 3642 2515 3708 Deus
2560 3644 2985 3722 ministrabit,

883 3743 1163 3806 honesta
1207 3763 1420 3816 causa,
1468 3745 1662 3806 exeat
1724 3743 1805 3806 de
1868 3743 2084 3808 medio
2154 3743 2532 3829 Babylonis,
2577 3767 2661 3810 ne
2708 3752 2985 3834 tangens

885 3843 1304 3907 immundum
1373 3843 1656 3928 accipiat
1723 3843 1805 3908 de
1854 3843 2068 3930 plagis
2130 3845 2313 3930 ejus;
2373 3846 2619 3924 funem,
2687 3849 2744 3912 si
2819 3849 2983 3914 alias

883 3944 1054 4010 solvi
1099 3966 1233 4009 non
1279 3948 1520 4029 potest,
1566 3965 1897 4030 rumpenS,
1920 3967 2003 4010 ne
2050 3968 2197 4011 cum
2248 3947 2535 4032 periculo
2566 3949 2982 4016 conscientiae

883 4052 952 4112 et
997 4053 1158 4112 nota
1201 4045 1494 4111 infamiae
1538 4045 1953 4111 salvatricem
1988 4053 2261 4132 cogatur
2288 4071 2589 4134 rumpere
2620 4051 2981 4116 caritatem.

885 4147 1182 4224 Interim,
1233 4147 1391 4232 quia
1434 4151 1539 4212 tot
1597 4148 1925 4234 angustiae
1980 4149 2272 4234 undique
2318 4151 2682 4230 imminent,
2716 4154 2984 4218 consulo

885 4257 982 4327 ut,
1043 4254 1374 4336 quatenus
1437 4248 1702 4334 poterit,
1749 4249 1834 4315 de
1878 4250 2076 4315 rebus
2122 4253 2261 4316 suis
2313 4253 2676 4339 prospiciat
2720 4255 2865 4332 sibi,
2912 4262 2982 4320 et

881 4353 1170 4418 maxime
1237 4373 1421 4437 spem
1497 4373 1748 4438 ponens
1835 4352 1908 4416 in
1984 4354 2289 4438 operibus
2379 4355 2839 4422 misericordias
2914 4365 2985 4423 et

881 4452 1293 4520 orationibus
1338 4460 1732 4518 sanctorum.
1828 4453 1939 4518 Sic
2001 4455 2196 4533 enim,
2266 4456 2466 4540 (quod
2534 4462 2603 4523 et
2646 4457 2855 4536 illum,
2924 4460 2979 4524 si

879 4556 1176 4621 nondum
1231 4555 1411 4640 legit,
1491 4555 1704 4641 legere
1783 4555 2130 4642 desidero)
2195 4579 2476 4645 magnus
2559 4559 2846 4626 Basilius
2910 4563 2979 4628 se

2851 4724 2973 4733 ...ἢ-

1476 4791 1488 4823 ¹
1529 4800 1594 4854 ee,
1616 4791 1711 4842 ins·
1739 4793 1806 4856 V,
1834 4793 1902 4853 23
1938 4793 2024 4858 ad,
2048 4793 2095 4844 L
2121 4814 2134 4855 3
2170 4812 2268 4847 om.
2296 4797 2361 4848 O.
