3634 5800
631 899 763 951 ln.
800 884 1025 971 ηπ]
1460 850 1473 861 “
1501 894 1864 986 meroem.
2609 877 2738 949 578

627 1107 747 1172 per
820 1085 1197 1172 provincias
1272 1105 1541 1151 currens
1605 1084 1910 1170 explorat
1977 1082 2155 1149 facta
2220 1082 2534 1160 omnium,
2595 1083 2743 1147 illos

628 1187 969 1273 potissime
1038 1186 1347 1272 judicans
1424 1207 1589 1272 quos
1678 1184 2034 1251 constituit
2106 1184 2366 1270 judices
2443 1184 2742 1250 aliorum.

630 1287 846 1354 Nemo
908 1293 1010 1354 est
1069 1288 1369 1375 argutior
1412 1289 1485 1353 in
1546 1287 1861 1365 consiliis,
1905 1288 1980 1351 in
2045 1285 2305 1373 eloquio
2372 1287 2744 1366 torrentior,

628 1390 917 1455 securior
962 1391 1033 1455 in
1087 1389 1417 1476 periculis,
1462 1390 1535 1453 in
1588 1388 1922 1475 prosperis
1967 1388 2286 1465 timidior,
2332 1390 2746 1455 constantior

630 1492 703 1555 in
748 1492 1060 1558 adversis,
1156 1492 1369 1573 Quem
1416 1492 1614 1557 semel
1661 1492 1920 1570 dilexit,
1968 1491 2092 1555 vix
2137 1489 2482 1577 dediligit3
2545 1512 2741 1577 quem

631 1613 789 1658 vero
834 1594 1036 1659 semel
1088 1614 1361 1659 exosum
1420 1590 1701 1670 habuit,¹
1753 1592 1870 1657 vix
1918 1592 1991 1657 in
2051 1591 2334 1678 gratiam
2397 1592 2744 1657 familiari-

630 1695 793 1760 tatis
837 1696 1160 1762 admittit.
1284 1694 1560 1780 Semper
1604 1694 1677 1759 in
1738 1694 2047 1760 manibus
2092 1694 2236 1780 ejus
2289 1698 2447 1759 sunt
2464 1691 2491 1731 ²
2535 1714 2744 1771 arcus,

632 1794 865 1875 enses,3
909 1797 1256 1875 venabula,
1272 1801 1353 1861 et
1396 1796 1678 1883 sagittae,
1744 1796 1874 1861 nisi
1920 1795 2012 1861 sit
2055 1797 2128 1861 in
2174 1794 2463 1861 consiliis
2507 1799 2628 1860 aut
2672 1796 2745 1860 in

634 1897 839 1963 libris.
934 1898 1260 1979 Quotiens
1291 1898 1469 1963 enim
1515 1902 1737 1984 potest
1776 1920 1817 1963 a
1847 1898 2024 1965 curis
2071 1904 2140 1963 et
2183 1897 2745 1964 sollicitudinibus

632 1999 969 2085 respirare,
1014 2006 1265 2066 secreta
1310 2021 1379 2064 se
1406 2004 1687 2085 occupat
1727 1997 2027 2077 lectione,
2058 2004 2179 2064 aut
2218 2000 2291 2064 in
2321 2020 2528 2066 cuneo
2558 1999 2744 2065 cleri-

566 2094 574 2105 '
632 2120 859 2166 corum
938 2102 1227 2187 aliquem
1306 2102 1556 2167 nodum
1626 2100 2014 2187 quaestionis
2089 2099 2347 2167 laborat
2422 2102 2742 2167 evolvere.

631 2200 813 2267 Nam
858 2225 1009 2269 cum
1057 2226 1177 2269 rex
1224 2209 1444 2269 vester
1490 2202 1657 2267 bene
1710 2202 1970 2268 litteras
2031 2204 2311 2280 noverit,
2358 2224 2478 2269 rex
2523 2208 2748 2269 noster

632 2301 824 2390 longe
884 2304 1246 2370 litteratior
1292 2308 1410 2369 est.
1534 2303 1673 2389 Ego
1740 2304 1918 2369 enim
1987 2304 2060 2368 in
2127 2303 2404 2370 litterali
2467 2306 2748 2372 scientia

632 2404 984 2469 facultates
1051 2405 1397 2491 utriusque
1465 2404 1765 2491 cognovi.
1879 2404 2081 2471 Scitis
2149 2406 2327 2490 quod
2344 2406 2370 2444 ⁴·
2438 2406 2746 2472 dominus

631 2526 755 2569 rex
805 2505 1058 2572 Siciliae
1103 2529 1221 2593 per
1265 2528 1520 2572 annum
1566 2507 1932 2592 discipulus
1992 2529 2176 2572 meus
2220 2507 2376 2587 fuit,
2423 2513 2493 2573 et
2537 2509 2653 2593 qui
2706 2530 2748 2574 a

640 2605 828 2672 vobis
895 2608 1385 2674 versificatoriae
1452 2614 1655 2693 atque
1718 2609 2134 2675 litteratoriae
2193 2611 2356 2675 artis
2420 2610 2749 2696 primitias

638 2707 985 2784 habuerat,
1020 2731 1138 2796 per
1177 2710 1573 2775 industriam
1620 2716 1689 2775 et
1732 2710 2244 2776 sollicitudinem
2291 2732 2504 2776 meam
2552 2711 2747 2777 bene-

637 2810 861 2875 ficium
922 2812 1217 2878 scientiae
1278 2812 1588 2897 plenioris
1649 2812 1959 2878 obtinuit.
2085 2812 2298 2893 Quam
2345 2814 2476 2879 cito
2521 2818 2747 2879 autem

643 2935 941 3000 egressus
986 2937 1132 2980 sum
1175 2936 1470 3001 regnum,
1517 2915 1674 3001 ipse,
1721 2915 1908 2981 libris
1951 2915 2242 3000 abjectis,
2289 2917 2377 2981 ad
2423 2917 2632 2982 otium
2677 2939 2746 2983 se

634 3015 918 3081 contulit
948 3016 1336 3102 palatinum.
1432 3016 1910 3082 Verumtamen
1946 3017 2124 3102 apud
2157 3017 2496 3083 dominum
2526 3040 2744 3105 regem

634 3116 1005 3204 Anglorum
1052 3117 1443 3202 quotidiana
1487 3117 1627 3201 ejus
1688 3116 1911 3182 schola
1957 3122 2059 3182 est
2117 3117 2744 3185 litteratissimorum

636 3219 1047 3286 conversatio
1084 3218 1269 3306 jugis
1310 3225 1380 3284 et
1410 3219 1725 3306 discussio
1756 3219 2212 3305 quaestionum.
2305 3220 2551 3285 Nullus
2595 3243 2746 3308 rege

637 3325 861 3386 nostro
908 3325 1009 3386 est
1067 3319 1405 3386 honestior
1450 3320 1524 3384 in
1568 3320 1916 3405 loquend0,
1975 3320 2048 3385 in
2092 3321 2490 3388 comedendo
2550 3322 2745 3388 urba-

637 3423 800 3500 nior,
871 3421 1271 3487 moderatior
1344 3422 1415 3485 in
1486 3422 1792 3500 bibendo,
1857 3423 2383 3508 magnificentior
2400 3419 2425 3458 ⁶
2499 3429 2602 3490 est
2673 3425 2748 3489 in

638 3525 835 3590 domo
879 3524 1148 3601 nullus3
1216 3524 1495 3610 ideoque
1565 3525 1753 3610 quasi
1821 3531 2236 3612 unguentum
2302 3527 2583 3592 effusum
2647 3533 2749 3592 est

639 3647 879 3691 nomen
911 3627 1067 3710 ejus,
1100 3630 1171 3690 et
1202 3625 1647 3710 eleemosynas
1694 3625 1873 3690 illius
1907 3631 2172 3692 enarrat
2218 3629 2430 3693 omnis
2479 3628 2750 3695 ecclesia

634 3731 1029 3793 sanctorum.
1122 3726 1270 3793 Rex
1316 3732 1539 3793 noster
1586 3727 1914 3812 pacificus,
1945 3729 2335 3795 victoriosus
2353 3729 2380 3767 ⁰
2423 3729 2498 3795 in
2544 3729 2748 3807 bellis,

634 3827 955 3914 gloriosus
1034 3830 1104 3893 in
1179 3850 1355 3916 pace,
1434 3850 1633 3914 super
1708 3829 1934 3896 omnia
2009 3830 2474 3897 desiderabilia
2546 3830 2748 3918 hujus

636 3931 870 3994 mundi
947 3931 1202 3996 zelatur
1267 3935 1337 3996 et
1410 3936 1722 4016 procurat
1790 3953 2016 4016 pacem
2081 3933 2310 4018 populi
2376 3935 2497 4000 sui.
2638 3934 2748 3999 Ad

635 4053 862 4116 pacem
924 4032 1153 4118 populi
1214 4031 1507 4117 pertinet
1561 4032 1892 4117 quidquid
1954 4034 2228 4120 cogitat,
2271 4035 2597 4121 quidquid
2655 4036 2748 4101 lo-

638 4134 882 4218 quitur,
915 4133 1241 4228 quidquid
1272 4134 1427 4220 agit.
1494 4134 1597 4198 Ut
1628 4135 1928 4219 quiescat
1972 4135 2258 4221 populus
2287 4159 2462 4216 suus,
2495 4137 2750 4203 labores

638 4235 875 4299 anxios
938 4240 1008 4299 et
1082 4256 1377 4300 enormes
1443 4236 1848 4302 incessanter
1914 4238 2207 4304 assumit.
2347 4238 2458 4303 Ad
2525 4261 2750 4324 pacem

704 4462 721 4494 ¹
755 4461 1006 4524 habuerit,
1031 4463 1089 4513 Z.
1807 4463 1830 4495 ⁸
1865 4465 2258 4528 magnificentior
2293 4501 2307 4515 .
2344 4502 2357 4516 .
2395 4503 2406 4516 .
2441 4465 2629 4528 nullus,
2689 4468 2749 4531 P,

702 4541 724 4574 ²
759 4542 875 4592 Om.
901 4543 959 4590 Z.
1746 4543 1822 4603 Z;
1855 4540 2026 4592 nullus
2059 4545 2424 4609 munificentior
2447 4553 2519 4595 est
2553 4547 2604 4594 in
2627 4545 2750 4597 elee-

703 4623 725 4654 3
758 4620 883 4681 ensi,
909 4621 967 4670 Z.
1744 4622 1981 4685 mosynis,
2002 4623 2068 4675 G.

704 4698 725 4731 ⁴
762 4699 897 4761 quia,
924 4698 981 4746 Z.
1814 4699 1836 4732 ⁸
1866 4699 2134 4766 qlorioaus,
2160 4702 2216 4752 Z.
