3634 5800
595 1386 720 1439 Dec.
745 1393 823 1437 29.

938 877 1073 941 430
1847 888 2226 971 nris‘rom„
2663 876 2827 960 [an.
2858 872 3048 943 1171.

934 1073 1211 1143 adverso
1286 1076 1503 1143 relatu
1590 1078 1990 1165 acceperitis,
2075 1078 2250 1164 quod
2327 1077 2514 1157 mihi,
2591 1079 2678 1143 ab
2751 1076 2858 1142 his
2933 1074 3048 1161 qui

930 1176 1388 1257 interfuerant,
1434 1179 1731 1245 innotuit
1776 1180 2039 1256 certius,
2069 1179 2330 1245 fidelius
2374 1180 2632 1257 intimo,
2679 1185 2750 1243 et
2794 1175 3044 1264 patrati

929 1278 1188 1345 sceleris
1234 1282 1530 1347 ordinem
1576 1282 1803 1369 paucis
1847 1282 2122 1368 explicO,
2153 1282 2257 1367 cuj
2265 1304 2344 1347 us
2389 1289 2614 1347 tamen
2658 1280 3040 1346 immanitas

928 1383 1289 1467 excogitari
1356 1405 1490 1448 non
1564 1390 1797 1471 potest.
1892 1382 1976 1448 In
2054 1374 2286 1449 Natali
2363 1384 2656 1459 Domini,
2729 1382 3036 1469 proxima

928 1490 1079 1568 post
1140 1484 1387 1550 festum
1456 1486 1922 1553 Innocentium
1987 1486 2112 1562 die,
2191 1485 2327 1551 sole
2355 1486 2376 1525 ¹
2460 1486 2799 1551 occidente
2875 1484 3046 1549 circa

926 1586 1156 1652 horam
1230 1610 1669 1675 vesperorum,
1736 1589 2098 1654 intromissi
2119 1588 2144 1625 ²
2219 1588 2648 1674 spiculatores
2715 1584 3042 1673 quatuor‚³

934 1691 1051 1777 qui
1102 1690 1301 1777 primi
1369 1691 1650 1767 fuerant,
1696 1692 1781 1756 ad
1844 1692 2083 1756 fortem
2150 1689 2342 1754 illum
2389 1689 2641 1755 Christi
2708 1689 3032 1756 athletam

932 1793 1313 1857 horribiliter
1372 1792 1727 1857 admodum
1776 1798 1848 1858 et
1909 1791 2202 1857 fastuose
2267 1796 2698 1869 accesserunt,
2763 1812 3043 1877 quorum

929 1894 1038 1959 hic
1081 1895 1399 1959 intersero
1460 1894 1747 1971 nomina,
1791 1897 1871 1958 ut
1915 1913 2143 1958 eorum
2189 1892 2508 1957 memoria
2571 1892 2664 1957 sit
2707 1891 2782 1955 in
2843 1891 3044 1956 male-

931 1996 1221 2063 dictione
1295 2003 1662 2082 perpetua:
1739 1994 2136 2059 Wilhelmus
2199 1994 2280 2059 de
2350 1993 2558 2071 Traci,
2637 1992 3044 2079 Reginaldus

930 2099 1139 2163 Filius
1184 2097 1361 2175 Ursi,
1406 2097 1605 2183 Hugo
1652 2096 1734 2161 de
1784 2096 2146 2173 Morevilla,
2191 2096 2516 2163 Ricardus
2564 2096 2802 2161 Brito.⁴
2907 2095 3041 2175 Qui

928 2201 999 2265 in
1044 2200 1257 2288 primo
1303 2220 1565 2266 accessu
1589 2199 1615 2237 ⁵
1658 2220 1699 2264 a
1741 2206 1971 2263 sancto
2015 2198 2166 2264 viro
2209 2197 2490 2265 salutati
2535 2218 2674 2263 non
2719 2197 3038 2263 resaluta-

927 2308 1187 2378 verunt,
1234 2306 1467 2387 utpote
1514 2300 1663 2386 qui‚·
1684 2300 1828 2386 jam
1873 2300 2018 2364 vias
2065 2300 2461 2385 perditionis
2505 2298 2801 2387 ingressi,
2833 2300 3042 2363 mani-

926 2404 1093 2469 feste
1158 2402 1561 2489 respuebant
1609 2402 1914 2481 salutem,
1961 2402 2127 2487 quin
2171 2402 2398 2487 potius
2457 2402 2780 2467 cervicose
2843 2401 3042 2466 nimis

926 2510 995 2572 et
1024 2527 1250 2593 aspere
1297 2504 1782 2581 intonuerunt,⁶
1823 2504 2236 2569 sciscitantes
2283 2503 2341 2567 si
2389 2503 2726 2589 episcopos
2771 2524 3041 2588 suspen·

926 2630 1031 2674 sos
1074 2609 1216 2673 sive
1262 2607 1865 2673 excommunicatos
1929 2605 2016 2671 ad
2062 2606 2237 2692 regis
2303 2612 2478 2671 esset
2539 2606 2717 2671 illico
2781 2604 3039 2671 absolu-

924 2716 1119 2777 turus
1192 2708 1600 2775 mandatum.
1724 2708 1873 2787 Quo
1938 2706 2235 2772 modeste
2311 2708 2753 2793 respondente
2820 2707 2890 2772 id
2952 2706 3040 2772 ad

926 2811 1279 2899 singularis
1322 2809 1649 2897 primatus
1705 2808 1911 2875 vestri
1955 2814 2252 2894 spectare
2321 2830 2682 2888 censuram,
2729 2831 2852 2875 nec
2913 2810 3039 2874 sibi

924 2914 1181 3000 aliquid
1244 2913 1593 2978 vendicare
1670 2912 1789 2978 ubi
1867 2917 2061 2979 tanta
2137 2913 2606 2979 intervenisset
2665 2913 3038 2992 auctorita3‚

925 3039 1082 3084 mox
1127 3018 1345 3102 ipsum
1391 3037 1475 3080 ex
1518 3021 1711 3100 parte
1758 3015 1931 3101 regis
1980 3015 2583 3096 diffidmiavemnt,
2615 3021 2686 3082 ct
2731 3017 3042 3082 continuo

926 3120 1236 3184 exierunt
1278 3117 1364 3183 ad
1410 3116 1796 3195 cohortem,⁷
1843 3116 2174 3182 militibus
2221 3117 2336 3201 qui
2382 3118 2464 3182 de
2511 3117 2764 3183 familia
2829 3117 3041 3182 homi-

922 3223 1031 3286 nis
1074 3222 1199 3287 Dei
1250 3225 1456 3296 erant,
1486 3240 1687 3305 super
1731 3219 1896 3284 vitae
1926 3220 2226 3305 periculo
2261 3225 2332 3284 et
2377 3220 2701 3284 bonorum
2745 3221 3038 3285 omnium

923 3322 1420 3412 proscriptione,
1466 3323 1538 3387 in
1570 3322 1759 3387 exitu
1804 3343 1946 3404 suo,
1994 3343 2079 3386 ex
2109 3328 2302 3408 parte
2345 3323 2521 3410 regis
2586 3323 3041 3409 praecipientes

923 3432 1003 3492 ut
1047 3425 1173 3512 ipsi
1220 3424 1469 3512 pariter
1520 3423 1799 3500 exirent,
1855 3428 1926 3488 et
1971 3423 2066 3488 rei
2129 3427 2444 3489 eventum
2491 3423 2726 3491 tacite⁸
2755 3430 2826 3490 et
2869 3425 3041 3512 pati-

922 3534 1110 3594 enter
1200 3529 1680 3612 exspectarent.
1819 3523 2100 3604 Publice,
2177 3531 2401 3592 autem
2493 3548 2612 3612 per
2697 3526 3038 3592 civitatem

921 3630 1136 3696 simile
1166 3629 1341 3716 regis
1370 3627 1587 3694 exivit
1616 3627 1925 3694 edictum.
2017 3627 2387 3714 Singularis
2417 3649 2571 3693 vero
2617 3628 2728 3692 ille
2771 3629 2847 3693 in
2890 3649 3038 3694 nos-

922 3733 1045 3798 tris
1074 3732 1310 3798 diebus
1338 3730 1595 3796 athleta
1625 3728 1882 3794 Christi
1913 3730 2031 3815 qui
2049 3727 2076 3768 ⁰
2106 3729 2320 3796 minas
2362 3729 2737 3816 principum
2765 3731 3036 3816 sprevit,

926 3835 1009 3900 de
1052 3833 1198 3901 loco
1244 3835 1389 3919 ipso
1420 3831 1537 3897 ubi
1573 3832 1720 3917 jam
1764 3831 1956 3897 velut
2001 3832 2233 3898 mortis
2281 3837 2630 3918 exceperat
2656 3831 3040 3910 nuntium‚¹⁰

922 3937 1013 4004 ad
1080 3936 1361 4001 multam
1426 3933 1844 4015 instantiam,
1915 3935 2038 3998 vix
2107 3934 2332 4021 egredi
2379 3934 2755 4020 compulsus
2808 3940 2924 4012 est,
2970 3937 3040 4000 et

988 4190 1006 4224 ¹
1042 4189 1292 4240 inclinata
1299 4189 1415 4252 J'am
1438 4185 1523 4236 die
1548 4185 1655 4248 (for
1675 4184 1778 4236 sole
1799 4185 1930 4236 occi·
2097 4185 2120 4224 7
2153 4191 2377 4236 curtem?
2445 4185 2507 4236 In
2541 4185 2626 4236 the
2659 4185 2789 4246 Life,
2813 4185 3038 4238 Herbert

921 4269 1113 4333 dente),
1136 4270 1199 4319 P.
2030 4280 2167 4331 says,
2213 4269 2416 4329 “prope
2471 4264 2680 4314 hortum
2725 4267 3040 4333 collegerunt

986 4348 1009 4382 ²
1042 4347 1361 4406 intr-ominem,
1384 4345 1445 4394 P.
2029 4349 2062 4374 “
2099 4343 2408 4408 cohortem?

985 4427 1009 4461 ⁸
1042 4426 1316 4486 duntaxat,
1370 4423 1467 4475 ins.
1513 4426 1558 4475 P
1584 4441 1598 4480 ς
1656 4429 1757 4472 tres
1804 4421 1930 4472 dun·
2094 4427 2116 4456 ⁸
2149 4425 2302 4473 tacite
2323 4431 2372 4473 et
2396 4425 2672 4489 patienter,
2703 4425 2748 4474 P
2765 4445 2780 4485 ς
2816 4425 2965 4476 taciti
2985 4433 3034 4476 et

923 4513 1087 4564 taxat,
1112 4507 1183 4556 H.
2021 4505 2292 4568 patientes,
2315 4503 2376 4552 L.

989 4585 1011 4618 ⁴
1045 4584 1163 4635 Ric.
1190 4583 1357 4644 Brito,
1379 4599 1479 4635 om.
1504 4585 1573 4634 Η.
2095 4583 2117 4615 ⁹
2153 4583 2260 4645 qui.
2281 4583 2359 4642 Ἐς
2395 4598 2494 4632 om.
2519 4583 2576 4644 Z,
2608 4583 2672 4643 L,
2699 4583 2866 4634 which
2901 4583 3033 4634 have

986 4663 1203 4730 ‘primo
1232 4679 1455 4724 accessu,
1492 4664 1551 4723 Z,
1584 4663 1669 4724 113
1704 4677 1928 4723 accessu,
2027 4669 2076 4711 et
2099 4660 2269 4711 before
2289 4659 2366 4710 dc.

921 4759 1021 4795 om.
1045 4746 1122 4802 L;
1155 4744 1263 4807 ipso
1285 4757 1507 4803 accessu,
1532 4742 1596 4794 P.
2096 4739 2136 4773 ¹⁰
2169 4741 2384 4800 initium,
2406 4741 2478 4791 H.

988 4822 1009 4855 ⁶
1039 4822 1377 4881 intonuerunt,
1445 4821 1508 4881 P,
1578 4821 1649 4880 V,
1717 4819 1758 4869 Z
1790 4842 1804 4882 3
1875 4821 1927 4867 in

918 4901 1145 4961 introitu,
1169 4899 1237 4949 L.
