3634 5800
677 839 815 890 Aa).
854 824 1077 911 1185.]
1564 840 1925 890 srls‘rOLAE.
2663 828 2787 891 581

675 1026 835 1091 tatis
882 1026 1149 1092 valeant
1194 1028 1553 1111 pervenire.
1648 1026 1755 1091 Ad
1820 1027 1976 1105 haec,
2049 1028 2205 1112 quia
2273 1028 2568 1113 undiquc
2640 1027 2786 1113 pul-

674 1148 898 1193 samur
958 1133 1027 1193 et
1092 1129 1394 1213 plurimis
1460 1149 1781 1195 vexamur
1845 1130 2187 1214 angustiis
2249 1130 2784 1215 praecipuumque

673 1228 760 1293 ad
821 1234 1111 1295 vestram
1174 1231 1645 1315 paternitatem
1714 1251 2054 1315 speramus
2121 1251 2240 1295 nos
2303 1231 2544 1297 habere
2608 1233 2782 1297 refu·

671 1330 873 1415 gium,
919 1331 1159 1397 idcirco
1198 1334 1503 1417 ‘priorem
1565 1338 1864 1397 nostrum
1925 1331 2013 1396 ad
2059 1336 2346 1397 vestram
2407 1333 2779 1420 benignita-

674 1436 809 1497 tem
877 1434 1270 1517 quantocius
1345 1434 1487 1500 Deo
1564 1439 1831 1501 auctore
1901 1434 2396 1511 destinabimus,
2468 1437 2778 1501 obnixius

671 1538 1115 1624 supplicantes
1179 1546 1505 1626 quatenus
1574 1540 1647 1604 in
1710 1540 1815 1604 his
1879 1562 2026 1625 quae
2089 1542 2228 1625 ipse
2289 1562 2372 1605 ex
2420 1562 2539 1607 sua
2590 1548 2778 1628 parte

671 1644 741 1704 et
783 1645 1009 1705 nostra
1053 1641 1242 1706 vobis
1288 1642 1699 1728 suggesserit,
1744 1647 1965 1707 vestra
2008 1642 2176 1707 velit
2222 1642 2432 1727 pietas
2478 1643 2776 1729 benigni-

670 1762 849 1806 orem
902 1763 1127 1808 aurem
1188 1743 1521 1809 inclinare.
1647 1743 1736 1808 Et
1797 1764 1918 1828 pro
1985 1749 2180 1821 certe,
2225 1745 2282 1808 si
2329 1743 2401 1807 in
2460 1743 2566 1809 his
2613 1751 2776 1809 tem-

668 1842 937 1927 poribus
998 1845 1123 1909 sub
1166 1849 1391 1909 vestra
1448 1849 1778 1930 potestate
1840 1864 2152 1930 cogamur
2195 1866 2311 1931 per
2357 1866 2776 1931 quoscunque

667 1943 1023 2023 humiliari,
1066 1944 1195 2023 his,
1244 1946 1359 2031 qui
1407 1946 1611 2011 etiam'
1656 1946 1833 2012 bona
1879 1948 2146 2013 sinistre
2207 1949 2423 2013 solent
2451 1948 2773 2034 interpre-

668 2046 817 2127 tari,
867 2046 1137 2112 dabitur
1182 2048 1473 2133 apertior
1516 2047 1707 2112 nobis
1752 2048 2125 2113 insultandi
2171 2050 2434 2113 occasio,
2529 2048 2662 2114 Sed
2707 2062 2774 2115 et

664 2148 782 2231 qui
828 2146 1053 2233 Capiti
1112 2153 1339 2213 nostro
1384 2150 1713 2233 congessit
1756 2148 2204 2224 contumelias,
2252 2150 2381 2213 nisi
2443 2148 2774 2216 invenerit
2867 2156 2880 2165 “

666 2248 1046 2315 obviantem
1111 2271 1153 2314 a
1196 2249 1463 2316 laesione
1508 2251 1950 2317 membrorum
1995 2272 2130 2316 non
2178 2252 2464 2317 desistet.
2559 2252 2772 2318 Modi-

664 2372 813 2418 cum
860 2352 1125 2436 quidem
1172 2372 1289 2417 vos
1336 2351 1619 2417 honorat
1663 2354 1777 2438 qui
1824 2373 1944 2417 nos
1999 2353 2268 2437 spernit,
2315 2351 2444 2416 nisi
2491 2353 2660 2417 forte
2705 2360 2776 2419 et

663 2454 735 2516 in
800 2453 923 2517 hoc
967 2452 1319 2519 crediderit
1384 2475 1451 2517 se
1498 2455 1667 2539 quis
1734 2455 1921 2518 vobis
1986 2460 2299 2539 praestare
2367 2453 2768 2539 obsequium.

664 2553 754 2618 Et
821 2554 1047 2639 procul
1116 2553 1337 2630 dubio,
1402 2559 1483 2618 ut
1546 2554 1887 2632 credimuS,
1951 2556 2338 2619 reverentiae
2403 2562 2640 2621 vestrae
2703 2563 2772 2622 et

662 2654 995 2720 honestati
1038 2675 1175 2720 non
1220 2654 1551 2720 modicum
1597 2654 1906 2731 conferet,
1939 2654 1996 2718 si
2043 2654 2413 2720 manifestis
2456 2664 2772 2741 appareat

662 2756 922 2823 indiciis
990 2755 1167 2841 quod
1212 2754 1459 2841 injuria
1503 2755 1658 2820 filiis
1718 2754 1912 2821 illata
1970 2755 2146 2843 patri
2209 2757 2477 2822 omnino
2539 2757 2770 2844 displi-

656 2864 820 2928 ceat.
914 2857 1161 2925 Valete.

1558 3227 1878 3297 DOOOV.

700 3399 993 3466 Annus
1039 3412 1249 3463 riuos
1293 3395 1856 3462 omummxffls
1899 3409 1997 3458 AD
2043 3392 2434 3460 Hennromt
2479 3405 2728 3460 amm.

1128 3558 1269 3623 (ΜΒ.
1294 3559 1523 3618 ccco,
1562 3560 1626 3611 o.
1656 3563 1749 3620 115
1784 3559 1940 3610 Aum.
1962 3563 2014 3619 4,
2037 3558 2116 3608 ed.
2143 3557 2326 3620 ones.)

746 3703 1037 3772 Henrico
1080 3703 1219 3790 regi
1264 3701 1627 3787 Anglorum
1672 3700 1927 3766 Alanus
1972 3700 2150 3786 prior
2190 3701 2473 3766 ecclesiae
2505 3697 2758 3767 Christi

661 3805 1040 3874 Cantuariae
1085 3805 1386 3872 salutem.

749 3909 1017 3992 Quanto
1048 3908 1371 3974 desiderio
1416 3905 1755 3972 nobiscum
1801 3905 2154 3970 universus
2195 3905 2524 3971 desiderat
2569 3906 2760 3984 orbis,
2786 3931 2988 4000 Urging

658 4016 736 4077 ut
782 4031 1015 4097 corpus
1068 4009 1248 4075 beati
1310 4007 1623 4092 martyris
1670 4006 1940 4072 Thomae
2002 4006 2362 4072 decentiori
2425 4008 2564 4073 loco
2612 4029 2760 4074 cum
2785 3999 2874 4049 ‘¹¹0
2897 4007 3066 4050 “⁸¹²⁸-

660 4113 884 4179 debito
929 4111 1175 4178 honore
1222 4110 1592 4184 collocetur,
1638 4110 1841 4174 etiam
1903 4107 2202 4172 barbarae
2263 4108 2566 4173 nationes
2625 4130 2762 4174 non
2784 4066 2958 4116 huon.

656 4215 978 4302 ignorant.
1072 4211 1485 4277 Praematura
1515 4230 1672 4276 vero
1714 4231 1890 4276 mors
1920 4210 2252 4294 quondam
2299 4211 2508 4296 patris
2552 4214 2761 4278 nostri

658 4315 925 4381 Ricardi
994 4313 1064 4377 id
1129 4313 1346 4398 ipsum
1411 4310 1765 4396 impedivit
1829 4310 1915 4375 ad
1980 4316 2258 4395 tempm,
2305 4332 2454 4377 cum
2500 4313 2586 4376 ad
2639 4312 2761 4379 hoc

655 4417 911 4506 pridem
944 4421 1232 4482 vestram
1280 4414 1753 4500 promptiorem
1799 4413 2280 4477 invenissemus
2328 4414 2758 4480 voluntatem.

656 4520 856 4584 Nunc
918 4522 1141 4582 autem
1206 4537 1322 4601 per
1367 4514 1495 4579 Dei
1556 4514 1842 4600 gratiam
1906 4516 2139 4599 parata
2191 4518 2350 4577 sunt
2395 4534 2473 4580 ea
2519 4515 2758 4600 quibus

652 4642 756 4686 res
800 4620 943 4706 ipsa
993 4617 1349 4683 videbatur
1394 4617 1679 4680 maxime
1726 4614 2042 4700 indigere,
2087 4615 2150 4708 si·
2191 4621 2415 4680 tamen
2461 4617 2532 4680 id
2578 4619 2756 4682 sede·
2787 4621 2796 4626 “

653 4722 746 4786 rit
789 4725 1011 4785 vestro
1070 4716 1499 4803 beneplacito,
1545 4721 1625 4781 ut
1678 4736 1834 4800 sequ
1842 4715 1982 4780 enti
2028 4735 2202 4780 anno
2249 4716 2421 4781 circa
2467 4718 2756 4786 medium
