3634 5800
560 864 692 916 an.
729 844 953 933 1171.]
1432 861 1792 912 uns-rom
2539 842 2669 913 479

1463 1217 1774 1284 DOCLII
1784 1267 1799 1281 .

563 1397 928 1463 MAffls‘rnR
957 1397 1196 1462 DAvm
1241 1413 1337 1460 AD
1384 1395 1691 1460 01)on
1722 1411 2030 1460 ΡΒΙΟΒΕΜ
2079 1391 2670 1458 CANTUARIENSEM

746 1501 907 1584 [ssu
970 1515 1233 1574 Pome,
1298 1513 1391 1562 m*
1452 1512 1780 1574 vmmun,
1845 1511 1944 1560 AD
2013 1495 2424 1560 Gaas-nrum
2489 1495 2668 1559 Lon-

745 1615 1143 1666 Domsxslm
1190 1599 1625 1683 muscopth.

1274 1775 1393 1838 (VJ
1422 1779 1546 1835 1433
1581 1773 1834 1834 Liverani,
1859 1775 2000 1835 610.)

652 1931 983 1997 Domino¹
1040 1953 1161 1996 suo
1228 1935 1299 1996 et
1342 1930 1552 1995 amico
1619 1929 1955 1994 carissimo
2003 1929 2236 2008 Odoni,
2281 1930 2410 1995 Dei
2453 1931 2671 2018 gratia

563 2029 768 2119 priori
814 2033 1297 2109 Cantuariensi,
1343 2032 1561 2098 dictus
1614 2031 1928 2116 magister
1972 2030 2214 2109 David,
2257 2031 2538 2098 salutem
2601 2045 2670 2098 et

564 2134 869 2220 plurimae
915 2134 1286 2200 dilectionis
1330 2133 1653 2198 affectum.

653 2236 913 2303 Timide
962 2236 1285 2302 scribitur
1351 2235 1469 2299 ubi
1534 2235 1783 2319 scripta
1856 2234 2218 2319 periculose
2293 2159 2670 2322 publicat-i2
2693 2253 2808 2304 The

563 2337 851 2403 timetur.
947 2338 1030 2404 In
1060 2343 1309 2423 quanta
1331 2338 1571 2402 animae
1616 2357 1779 2400 meae
1808 2337 2271 2415 amaritudine,
2317 2338 2390 2402 in
2421 2343 2672 2424 quanta

563 2439 753 2504 faciei
800 2440 1179 2506 confusione
1224 2445 1437 2506 totam
1468 2436 2034 2523 quadragesimam
2065 2444 2135 2504 et
2163 2438 2304 2504 dies
2335 2440 2672 2525 paschales

567 2540 925 2606 Tusculani
969 2541 1423 2627 transegerim,
1454 2560 1577 2605 nec
1618 2559 1737 2603 vos
1767 2539 1968 2625 script
1976 2560 2088 2603 um
2123 2539 2396 2625 juvaret
2424 2543 2671 2622 audire,

566 2646 637 2707 et
680 2642 846 2706 mihi
891 2641 1162 2729 longum
1194 2647 1366 2708 esset
1410 2646 1479 2706 et
1524 2638 1787 2704 difficile
1835 2639 2079 2725 scripto
2107 2642 2670 2726 comprehendere.

568 2743 859 2808 Eatenus
904 2749 1129 2810 tamen
1172 2749 1323 2830 post
1368 2742 1585 2808 varios
1630 2739 1904 2817 labores,
1949 2746 2101 2826 post
2143 2741 2373 2828 longos
2428 2749 2670 2808 tracta-

2695 2321 2864 2370 vriter
2883 2328 2938 2370 at

2693 2387 2988 2437 Tusculum.

565 2851 677 2911 tus
722 2852 997 2913 ventum
1044 2851 1146 2911 est
1190 2845 1381 2931 quod,
1428 2845 1501 2908 in
1534 2843 1639 2909 die
1670 2843 1717 2907 J
1718 2843 1863 2908 ovis
1909 2849 2062 2909 ante
2111 2843 2374 2923 Pascha,
2406 2844 2670 2932 publice
2694 2879 2920 2945 Maundy

566 2969 783 3015 coram
814 2949 1077 3013 domino
1108 2968 1301 3034 papa,
1331 2968 1479 3013 cum
1515 2946 1659 3031 jam
1690 2950 1963 3031 paratus
2007 2950 2181 3011 esset
2209 2947 2296 3011 ad
2325 2948 2669 3015 missarum
2696 2946 2984 3011 Thumday.

565 3051 862 3116 solennia
906 3072 1125 3115 coram
1170 3049 1501 3115 universis
1548 3047 1996 3114 cardinalibus
2042 3053 2110 3112 et
2156 3070 2373 3115 coram
2407 3053 2669 3137 populis

566 3153 974 3219 diversarum
1038 3152 1405 3230 nationum,
1442 3150 1676 3236 juravi
1720 3150 1793 3215 in
1860 3150 2150 3216 animam
2218 3160 2509 3219 vestram
2553 3178 2671 3221 vos

564 3256 937 3341 pariturum
982 3253 1297 3319 mandato
1341 3252 1591 3317 domini
1636 3272 1846 3337 papae,
1879 3273 2075 3337 super
2117 3253 2330 3318 causis
2375 3254 2508 3320 illis
2553 3279 2673 3343 pro

564 3355 807 3440 quibus
880 3360 1223 3420 revocatus
1282 3352 1501 3417 fuistis
1576 3353 1651 3417 in
1712 3353 2115 3417 sententiam
2189 3356 2673 3424 anathematis:

555 3456 785 3541 juravi
828 3462 899 3522 et
942 3457 1015 3521 in
1058 3456 1351 3521 animam
1414 3456 1746 3541 propriam
1798 3476 1906 3519 me
1951 3476 2146 3541 super
2188 3455 2312 3523 hoc
2378 3479 2420 3524 a
2485 3462 2674 3527 vobis

564 3560 887 3646 accepisse
916 3560 1343 3637 mandatum;
1377 3558 1641 3643 juravit
1669 3556 1742 3622 id
1784 3556 2004 3642 ipsum
2035 3558 2317 3623 devotus
2349 3566 2418 3625 et
2461 3561 2674 3628 fidelis

565 3665 787 3725 vester
836 3659 1155 3746 magister
1197 3657 1416 3745 Hugo.
1505 3656 1654 3723 Hoc
1698 3662 1924 3723 autem
1991 3657 2133 3736 feci,
2177 3680 2312 3724 non
2356 3664 2496 3745 tam
2560 3684 2676 3749 spe

564 3761 971 3827 imminentis
1045 3760 1292 3824 futurae
1384 3762 1621 3823 vestrae
1695 3757 2140 3836 absolutionis,
2219 3781 2417 3844 quam
2490 3769 2676 3828 metu

563 3863 875 3929 instantis
922 3861 1213 3948 periculi,
1260 3867 1330 3925 et
1373 3860 1730 3925 formidine
1797 3860 2164 3925 innovandi
2209 3862 2281 3926 in
2345 3884 2462 3928 vos
2525 3886 2672 3929 ver-

563 3966 722 4029 bum
767 3952 1263 4041 maledictioniS,
1314 3963 1420 4028 vel
1472 3963 1809 4028 statuendi
1857 3964 2110 4049 aliquid
2155 3966 2476 4051 gravioris
2523 3988 2674 4031 con-

1117 4128 1340 4137 ——--—--
1371 4130 1475 4135 —--—-
1519 4128 1572 4135 --
1635 4130 1683 4134 --
1736 4130 1750 4133 -
1802 4130 1845 4133 —
2155 4129 2171 4135 -
2243 4132 2259 4135 -
2458 4132 2567 4137 --.—-

632 4217 649 4249 ¹
686 4215 812 4267 This
832 4214 879 4265 is
900 4216 989 4266 the
1008 4214 1229 4279 heading
1250 4214 1305 4265 iu
1324 4214 1411 4265 the
1437 4216 1567 4273 MS„
1671 4216 1870 4279 usually
1885 4215 2154 4280 employed
2174 4230 2231 4267 as
2248 4232 2315 4267 au
2328 4227 2500 4284 agent.
2537 4220 2674 4289 [rhet

566 4297 669 4345 aud
690 4296 735 4345 it
770 4296 816 4345 is
840 4295 1021 4359 copied
1055 4294 1271 4344 without
1312 4292 1567 4357 suspicion
1670 4291 1840 4342 David
1863 4293 1966 4343 had
1985 4295 2205 4345 reached
2228 4296 2314 4347 the
2337 4298 2476 4348 curia
2510 4300 2565 4349 iu
2589 4301 2676 4351 the

564 4376 635 4438 by
664 4376 805 4437 Mgr.
828 4372 1087 4423 Livet-ani.
1152 4373 1263 4421 But
1294 4372 1383 4421 the
1417 4372 1570 4420 letter
1670 4369 1878 4421 interest
1926 4370 1984 4420 of
2024 4372 2112 4422 the
2166 4376 2413 4425 censui-ed
2455 4376 2675 4443 bishops‚

564 4466 671 4501 vas
695 4450 954 4515 evidently
976 4449 1177 4499 written
1200 4458 1254 4499 to
1276 4465 1373 4500 one
1404 4448 1463 4497 of
1480 4448 1568 4498 the
1670 4448 1840 4497 before
1878 4448 1967 4498 the
2003 4450 2352 4515 archbishop's
2386 4454 2539 4504 death
2573 4472 2674 4507 was

563 4528 769 4593 bishops
792 4528 905 4577 who
926 4529 1031 4578 had
1052 4530 1179 4578 been
1202 4528 1385 4591 placed
1407 4529 1569 4577 under
1669 4526 1858 4575 known
1881 4526 2042 4586 there,
2066 4526 2110 4577 is
2151 4530 2314 4578 stated
2335 4530 2498 4581 inshe
2519 4548 2676 4596 open·

566 4623 599 4657 a
633 4608 869 4657 renewed
903 4606 1175 4657 anathema
1218 4608 1289 4671 by
1334 4606 1423 4655 the
1466 4606 1569 4655 late
1669 4604 1759 4669 ing
1780 4605 1838 4655 of
1859 4605 1954 4667 Ep.
1977 4608 2090 4656 ⁷51.

564 4685 891 4749 archbishop,
911 4691 1047 4735 most
1082 4684 1238 4748 likely
1260 4682 1347 4733 the
1386 4682 1567 4746 bishop
1733 4682 1755 4715 ²
1783 4682 2069 4748 publicare,
2091 4684 2202 4734 Liv.

562 4764 621 4813 of
654 4764 887 4823 Imaona,
926 4764 997 4826 by
1036 4762 1201 4810 whom
1252 4760 1417 4811 David
1460 4776 1566 4810 vas
