3634 5800
906 816 1035 878 488
1784 827 2150 876 EPISTOLAE.
2637 812 2794 896 [an.
2831 809 3032 878 11'71.

907 1015 1089 1078 Num
1138 1015 1346 1100 igitur
1390 1014 1707 1079 immunis
1752 1019 1855 1080 est
1923 1037 1966 1079 a
2027 1015 2266 1080 scelere
2333 1013 2492 1099 quia
2555 1034 2822 1078 manum
2891 1033 3038 1076 non

905 1118 1262 1204 apposuit?
1354 1118 1398 1182 J
1402 1118 1579 1182 udaei
1624 1117 1889 1202 linguis,
1937 1116 1984 1181 J
1984 1117 2150 1182 udas
2211 1116 2592 1192 traditione,
2643 1115 2904 1180 Pilatus
2955 1119 3037 1178 et

909 1220 1206 1287 Herodes
1275 1243 1618 1300 consensu,
1662 1221 1894 1286 scribae
1941 1227 2011 1287 et
2078 1221 2391 1307 pharisaei
2457 1221 2735 1298 invidia,
2779 1219 3037 1284 milites

908 1323 1135 1402 offici0,
1203 1323 1546 1390 Christum
1612 1323 2010 1390 occiderunt.
2109 1323 2270 1403 ,Qui
2333 1345 2565 1388 eorum
2621 1323 2974 1388 deteriores
3009 1325 3038 1385 ἓ

909 1426 1209 1492 Profecto
1258 1427 1395 1511 qui,
1462 1425 1727 1490 invidia
1774 1430 1846 1490 et
1888 1426 2042 1490 odio
2089 1425 2440 1502 stimulati,
2477 1423 2694 1508 judici
2738 1424 3040 1489 tradide-

908 1533 1085 1593 runt.
1181 1527 1428 1592 Servus
1496 1533 1761 1593 secutus
1826 1527 2211 1604 Dominum,
2275 1525 2466 1590 miles
2535 1525 3038 1610 Imperatorem,

912 1629 1091 1693 filius
1138 1629 1426 1706 Patrem,
1489 1629 1764 1694 affectus
1829 1627 2117 1712 injuriiS,
2163 1626 2449 1692 afflictus
2518 1626 2889 1712 opprobriis
2960 1632 3036 1691 et

912 1730 1329 1796 contumeliis
1375 1752 1417 1795 a
1460 1730 1615 1806 suis„
1647 1751 1784 1794 non
1831 1728 2070 1794 ovibus
2116 1729 2232 1792 sed
2278 1727 2472 1813 lupis,
2519 1733 2879 1804 accusatae,
2927 1727 3034 1790 in-

912 1832 1099 1896 vidia
1144 1838 1212 1896 et
1280 1831 1430 1895 odio
1500 1837 1757 1917 agente,
1804 1831 2087 1917 insignis
2157 1836 2226 1894 et
2295 1830 2684 1915 praeelectus
2747 1829 3037 1894 Thomas

914 1933 1437 2018 archiepiscopus
1482 1955 1602 2019 pro
1638 1933 1913 2018 justitia
1939 1936 2198 2016 martyr
2229 1931 2548 1996 occubuit
2578 1955 2594 2010 ;
2637 1953 2772 1996 non
2816 1931 3034 1995 minas

906 2036 1209 2121 judicum
1270 2036 1517 2112 timuit,
1583 2037 1738 2100 exui
1810 2035 2160 2121 dignitate,
2229 2034 2497 2120 spoliari
2567 2035 2844 2111 divitiis,
2911 2056 3034 2119 pro

918 2137 1187 2202 Christo
1234 2137 1423 2203 dulce
1468 2137 1723 2202 habuit.
1816 2135 1946 2202 Pro
1993 2158 2190 2222 grege
2233 2136 2363 2200 sibi
2423 2137 2769 2201 commisso
2831 2141 3034 2222 caput

918 2239 1155 2324 posuit,
1205 2238 1447 2303 multos
1494 2238 1875 2324 relinquens
1917 2238 2107 2316 filios,
2139 2237 2468 2303 haeredem
2513 2237 2797 2302 nullum.
2879 2237 3032 2302 Ser-

918 2362 1043 2403 vus
1090 2339 1163 2403 in
1206 2339 1465 2404 modico
1512 2339 1726 2403 fidelis
1770 2361 1971 2425 supra
1993 2337 2019 2376 1
2063 2339 2240 2403 bona
2303 2338 2577 2404 Domini
2623 2339 2728 2402 sui
2789 2339 3032 2404 consti-

916 2441 1151 2518 tuitur,
1196 2463 1377 2506 nunc
1421 2441 1670 2526 gaudet
1712 2441 1785 2504 in
1833 2441 2027 2517 caelis,
2072 2441 2368 2505 exsultat
2411 2462 2561 2506 cum
2609 2441 2862 2526 angelis
2913 2441 3032 2526 qui

920 2563 1037 2627 pro
1063 2540 1330 2606 Christo
1362 2541 1537 2606 mala
1564 2542 1907 2606 sustinuit.
1970 2541 2401 2606 Attestantur
2433 2543 2718 2606 virtutes
2749 2542 3036 2628 probant

921 2643 1256 2722 miracula,
1291 2642 1506 2727 qualis
1528 2641 1555 2680 ²
1599 2643 1672 2705 in
1721 2643 1868 2706 vita
1911 2643 2128 2720 fuerit,
2184 2664 2385 2728 quam
2431 2642 2671 2728 dignus
2721 2644 3036 2720 sacer-doe,

922 2767 1121 2830 quam
1154 2745 1423 2830 dignam
1455 2745 1796 2809 victimam
1839 2767 1907 2808 se
1939 2743 2206 2809 Christo
2238 2766 2358 2830 pro
2405 2746 2543 2810 suis
2575 2745 2813 2810 ovibus
2841 2746 3034 2810 obtu-

923 2847 1094 2913 lerit.
1208 2846 1397 2912 Felix
1468 2846 1972 2913 commercium!
2031 2847 2337 2912 miranda
2411 2846 2687 2913 dextera
2761 2845 3038 2913 excelsi!

922 2950 1053 3030 Qui
1113 2950 1332 3035 ipsum
1392 2950 1578 3035 prius
1631 2949 2160 3027 contemnebant,
2222 2970 2402 3015 nunc
2456 2948 2572 3014 fila
2640 2949 2844 3015 cilicii
2891 2948 3036 3035 ejus

919 3058 1339 3118 venerantur.
1432 3053 1606 3118 Mira
1649 3055 2094 3140 praesumptio,
2141 3054 2364 3119 audax
2409 3054 2754 3118 temeritas
2783 3053 2869 3117 ad
2914 3074 3032 3118 ex-

920 3155 1244 3220 cusandas
1308 3154 1765 3220 excusationes
1843 3155 1916 3217 in
1990 3156 2288 3240 peccatis.
2414 3154 2668 3219 Auctor
2757 3154 3036 3232 sceleris,

921 3256 1175 3320 domini
1274 3256 1380 3319 sui
1468 3256 1769 3333 traditor,
1861 3255 2126 3320 invenit
2216 3260 2607 3331 commenta,
2703 3254 3036 3321 mendicat

921 3356 1252 3443 suffragia,
1298 3378 1432 3421 non
1480 3356 1719 3441 quibus
1784 3356 2033 3421 crimen
2102 3378 2220 3444 per
2288 3355 2757 3442 poenitentiam
2801 3356 3036 3434 deleat,

920 3459 1033 3523 sed
1066 3457 1305 3543 quibus
1338 3458 1663 3536 occultet;
1708 3464 1778 3523 et
1824 3458 2002 3542 quod
2033 3458 2386 3522 universus
2417 3458 2705 3522 mundus
2741 3459 3032 3544 agnovit,

922 3560 1326 3625 mulierculae
1416 3565 1693 3625 cantant
1736 3560 1809 3624 in
1859 3561 2100 3639 triviis„
2145 3560 2544 3646 quibusdam
2589 3560 2852 3638 litteris,
2897 3582 3034 3626 non

920 3662 1295 3748 impetratis
1339 3662 1457 3725 sed
1500 3662 1725 3747 potius
1770 3663 1945 3747 regis
2019 3662 2258 3728 timore
2305 3662 2604 3739 extortiS,
2649 3660 3034 3727 obnubilare

921 3763 1032 3826 vel
1100 3761 1441 3827 annullare
1511 3763 1870 3829 contendit.
1968 3762 2332 3848 Numquid,
2379 3762 2600 3828 oculos
2645 3762 2870 3827 omnia
2933 3764 3032 3827 vi-

924 3862 1143 3928 dentis
1188 3884 1515 3928 excaecare
1578 3864 1872 3949 poterit?
1933 3886 2095 3927 num
2165 3864 2384 3930 oculos
2431 3864 2675 3928 summi
2719 3864 3020 3949 pastoriS,

924 3965 1143 4030 oculos
1190 3964 1420 4029 matris
1467 3963 1774 4042 ecclesiae,
1819 3965 2060 4051 lippire
2123 3966 2377 4031 faciet?
2447 3965 2532 4029 In
2577 3965 2852 4031 crimine
2893 3971 3032 4030 tam

925 4066 1276 4131 manifesto
1350 4065 1792 4151 periculosum
1857 4071 1927 4131 et
1989 4067 2380 4132 damnosum
2445 4066 2710 4133 differre
2771 4073 3035 4132 senten-

925 4167 1108 4231 tiam.
1232 4166 1393 4231 Fere
1474 4189 1591 4253 per
1666 4168 2088 4254 septennium
2161 4191 2283 4256 pro
2365 4168 2674 4234 libertate
2751 4169 3036 4235 eoelesiae

925 4274 1228 4334 sanctum
1318 4267 1445 4333 Dei
1522 4269 1955 4347 exsulantem,
2049 4291 2200 4336 eum
2290 4291 2420 4357 quo
2513 4275 2692 4335 stare
2782 4270 3032 4348 debuit,

925 4371 1361 4435 irreverenter
1436 4370 1876 4457 impugnavit.
2021 4372 2243 4457 Ipsius
2319 4377 2390 4437 et
2463 4372 2674 4437 totius
2751 4372 3036 4439 ecclesiae

926 4494 1189 4539 causam
1234 4476 1539 4558 agentem
1586 4476 1732 4537 tum
1801 4473 2166 4551 manifeste,
2213 4474 2451 4560 saepius
2496 4478 2720 4539 autem
2767 4474 3033 4551 occulte,

994 4749 1011 4782 ²
1046 4764 1216 4813 super,
1238 4746 1351 4799 Liv.
1963 4750 1976 4819 Ι
2099 4750 2122 4785 ²
2153 4750 2394 4816 qualiter,
2416 4751 2530 4803 Liv.
