3634 5800
947 801 1077 864 520
1225 851 1234 858 .
1843 813 2209 864 EPISTOLAE.
2657 802 2825 886 [an.
2865 805 2902 864 1
2919 805 2955 864 1
2973 761 3096 865 72⁶

1748 1097 2236 1167 DOOLXXIV.

944 1253 1315 1318 ALBERTus
1362 1269 1447 1316 ΕΤ
1492 1251 1968 1316 Tflsonwmus
1997 1266 2434 1318 cmmmms
2479 1269 2576 1316 AD
2606 1251 3086 1318 Warmux

1440 1351 1912 1418 SENONENSEM
1957 1365 2582 1418 Ancmsmscorun.

1800 1503 1896 1565 (G.
1923 1504 2036 1552 Fol.
2060 1506 2204 1564 387.)

1040 1633 1423 1698 Venerabili
1482 1633 1693 1710 fratri,
1757 1639 1828 1698 et
1887 1634 1960 1696 in
2021 1632 2278 1698 Christi
2355 1635 2718 1700 visceribus
2775 1636 3084 1721 amplec-

952 1737 1151 1801 tendo
1214 1741 1473 1820 semper
1532 1735 1763 1814 amicO‚
1812 1733 2208 1819 W[illelmo]
2256 1734 2383 1800 Dei
2429 1735 2650 1822 gratia
2695 1735 3082 1801 Senonensi

952 1841 1274 1925 episcop0‚
1322 1836 1699 1924 apostolicae
1768 1838 1944 1901 sedis
2009 1837 2244 1922 legato,
2293 1837 2614 1902 Albertus
2675 1838 3076 1924 dignatione

955 1941 1186 2004 divina
1260 1938 1446 2003 tituli
1510 1938 1726 2002 sancti
1790 1937 2139 2002 Laurentii
2214 1939 2288 2002 in
2353 1937 2623 2012 Lucina,
2669 1944 2740 2003 et
2805 1938 3074 2003 Theod-

956 2040 1174 2104 winus
1264 2039 1450 2104 tituli
1486 2079 1491 2086 -
1532 2038 1762 2102 'sancti
1855 2038 2117 2115 vitalis,
2208 2039 2588 2125 presbyteri
2679 2039 3074 2114 cardinales),

956 2142 1329 2228 apostolicae
1399 2140 1571 2205 sedis
1633 2140 1855 2226 legati,
1913 2141 2092 2224 quod
2157 2141 2460 2226 promisit
2525 2141 2707 2206 Deus
2783 2140 3072 2226 diligen-

953 2247 1134 2312 tibus
1178 2268 1263 2310 se.

1044 2348 1367 2427 Quoniam
1417 2351 1793 2430 exspectare
1826 2367 1945 2408 vos
1990 2344 2313 2409 credimus
2359 2351 2437 2410 ut
2483 2346 2564 2410 dc
2609 2351 2791 2411 statu
2821 2351 3067 2422 nostro,

954 2455 1023 2516 et
1068 2448 1353 2534 injuncti
1418 2446 1610 2512 nobis
1672 2447 2088 2532 promotione
2157 2447 2410 2532 negotii
2455 2445 2709 2531 aliquid
2757 2449 3066 2524 audiatis,

953 2553 1195 2617 idcirco
1241 2549 1529 2636 qualiter
1588 2547 1950 2624 nobiscum,
2006 2554 2077 2612 et
2140 2569 2256 2632 per
2325 2549 2771 2612 ministerium
2817 2551 3066 2614 medio·

953 2654 1209 2720 critatis
1283 2656 1547 2726 nostrae,
1609 2649 1792 2714 Deus
1869 2649 2078 2734 egerit
2151 2649 2257 2712 his
2333 2649 2582 2727 diebuS,
2659 2651 3066 2716 fraternitati

616 2777 872 2842 Meetings
954 2761 1193 2822 vestrae
1242 2753 1551 2839 praesenti
1612 2753 1858 2836 scripto
1923 2751 2238 2814 duximus
2305 2752 2752 2817 indicandum.
2843 2753 3066 2818 Nove—

618 2845 739 2894 with
764 2844 889 2913 ΗΠΒ
954 2859 1105 2925 ritis
1152 2878 1325 2943 erg0,
1358 2855 1530 2942 quod
1564 2860 1911 2939 postquam
1945 2852 2224 2919 illustris
2255 2853 2628 2940 Anglorum
2657 2877 2776 2919 rex
2805 2856 3068 2921 venisse

618 2912 817 2977 Henry.
956 2982 1075 3025 nos
1118 2960 1193 3023 in
1237 2979 1510 3043 regnum
1562 2977 1755 3019 suum
1784 2955 1860 3017 in
1890 2954 2176 3019 veritate
2219 2957 2547 3040 cognovit,
2595 2957 2804 3021 totius
2847 2958 3066 3021 obsta—

955 3062 1103 3129 culo
1150 3059 1492 3125 tarditatis
1538 3062 1777 3133 amot0,
1810 3056 1893 3119 de
1939 3056 2270 3121 Hibernia
2315 3058 2387 3120 in
2431 3056 2763 3142 Angliam,
2811 3058 3068 3123 incum-

955 3164 1267 3229 bentibus
1326 3161 1456 3225 sibi
1516 3158 1800 3245 negotiis
1846 3158 2323 3243 praetermissis,
2372 3159 2453 3223 de
2500 3159 2749 3245 Anglia
2793 3181 2950 3225 vero
2993 3162 3070 3225 in

953 3247 1388 3331 Normannise
1424 3266 1663 3347 'partes
1724 3260 2016 3337 accessit,
2083 3266 2284 3345 atque
2347 3261 2788 3327 incontinenti
2847 3262 3070 3347 plures

956 3368 1042 3433 ad
1087 3389 1207 3431 nos
1252 3364 1524 3430 nuntios
1591 3366 1662 3427 et
1724 3361 2143 3425 honorabiles
2212 3360 2596 3439 destinavit,
2641 3364 2982 3448 inquirens
3026 3388 3070 3428 a

958 3470 1148 3534 nobis
1198 3468 1273 3531 in
1334 3486 1463 3551 quo
1524 3463 1667 3528 loco
1728 3462 1952 3547 potius
2014 3462 2362 3526 convenire
2431 3484 2578 3528 cum
2650 3485 2726 3528 eo
2771 3470 2841 3529 et
2883 3464 3068 3549 loqui

957 3571 1290 3636 vellemus.
1368 3564 1631 3631 Placuit
1660 3563 1933 3629 tandem
1965 3562 2052 3627 ad
2099 3563 2564 3629 Saviniacense
2593 3567 3070 3631 monasterium

957 3694 1077 3759 pro
1152 3670 1478 3755 colloquio
1554 3666 1859 3741 habendo
1946 3687 2349 3742 concurrere,
2423 3667 2542 3731 ubi
2617 3668 3068 3753 religiosorum

957 3776 1249 3839 virorum
1312 3790 1646 3857 possemus
1712 3766 2120 3831 orationibus
2189 3766 2507 3852 adjuvari.
2621 3768 3072 3835 Convenimus

958 3877 1134 3953 illuc,
1179 3874 1631 3940 convenerunt
1674 3873 1747 3933 et
1789 3867 2024 3932 multae
2069 3888 2366 3952 personae
2425 3870 2774 3956 utriusque
2817 3872 3072 3936 ordinis

962 3979 1043 4044 de
1088 3998 1288 4064 regno
1358 3974 1583 4061 ipsius,
1628 3976 1698 4037 et
1764 3970 2216 4048 tractavimus
2266 3969 2614 4057 diligentia
2672 3994 2804 4057 qua
2849 3976 3072 4060 potui-

960 4102 1123 4159 mus,
1202 4078 1381 4165 quod
1455 4077 1542 4141 ad
1618 4074 1904 4139 salutem
1996 4072 2206 4157 ipsius
2283 4078 2354 4138 et
2429 4074 2802 4159 injunctam
2877 4078 3070 4143 nobis

960 4180 1409 4247 obedientiam
1454 4174 1851 4263 pertinebat.
1947 4172 2119 4237 Cum
2163 4180 2388 4239 autem
2437 4196 2575 4240 non
2617 4197 2952 4262 possemus
2997 4180 3070 4243 in

961 4285 1266 4350 omnibus
1343 4278 1713 4355 convenire,
1786 4276 2060 4341 recessit
2133 4275 2276 4361 ipse
2347 4298 2392 4341 a
2463 4276 2657 4343 nobis
2733 4280 2924 4345 velut
2995 4284 3070 4347 in

958 4388 1274 4474 Angliam
1336 4382 1764 4471 profecturus,
1831 4384 1900 4443 et
1975 4400 2096 4443 nos
2172 4382 2704 4465 exspectavimus
2765 4388 3067 4470 sequenti

960 4492 1068 4556 die
1136 4489 1221 4553 ad
1267 4487 1589 4552 Abrincas
1652 4482 1998 4549 civitatem
2066 4482 2248 4546 ituri.
2357 4481 2630 4550 Postero
2691 4491 2914 4551 autem
2961 4488 3070 4553 die

962 4594 1288 4655 venerunt
1332 4587 1417 4652 ad
1462 4607 1581 4650 nos
1636 4583 2064 4649 Lexoviensis
2129 4584 2468 4671 episcopus
2533 4590 2602 4651 et
2665 4587 2796 4652 duo
2855 4588 3072 4654 archi-

959 4691 1239 4767 diaconi,
1304 4693 1391 4766 et,
1436 4706 1736 4753 concesso
1804 4684 1982 4775 quod
2057 4684 2464 4769 petebamuS,
2527 4687 2614 4751 ad
2681 4688 3066 4773 praedictam
