3634 5800
908 822 1041 885 416
1794 833 2159 887 amsi-cnm.
2633 822 2791 907 [Am.
2828 822 3019 891 1170.

1749 1135 2181 1202 DGCXXVI.

979 1290 1271 1355 THOMAs
1318 1289 1887 1355 CANTUARIENSIS
1931 1304 2525 1355 Ancmsriscorus
2575 1288 2973 1353 Wlmsmo

1541 1390 1997 1455 Nor-mosum
2044 1406 2390 1455 muscoro

1447 1530 1535 1593 (Z.
1556 1546 1606 1579 v.
1632 1532 1725 1589 783
1764 1529 1898 1593 Lup.
1922 1544 1972 1579 τ’.
1997 1532 2059 1579 75
2082 1550 2096 1589 3
2132 1529 2313 1579 Thom.
2345 1529 2484 1589 142.)

578 1662 643 1711 In
668 1662 754 1710 the
1008 1650 1202 1729 Quod
1267 1648 1459 1713 nobis
1526 1668 1677 1711 cara
1743 1646 2130 1711 fraternitas
2197 1650 2422 1710 vestra
2466 1644 2885 1762 significavit,
2946 1646 3018 1710 in

577 1727 861 1861 ἓῗῖξζὲξ
845 1794 887 1844 8
914 1750 1325 1817 absolutione
1372 1748 1613 1813 nobilis
1658 1748 1788 1812 viri
1839 1746 2145 1833 Hugonis
2208 1746 2468 1812 comitis
2513 1746 2734 1811 omnia
2781 1746 3012 1812 solem-

574 1860 765 1926 clergy.
914 1852 1090 1917 niter
1156 1858 1227 1917 et
1300 1874 1385 1917 ex
1461 1850 1708 1926 ordine,
1761 1850 1966 1933 juxta
2031 1849 2420 1914 mandatum
2493 1854 2812 1925 nostrum,
2875 1849 3018 1914 fore

916 1954 1261 2041 completa,
1336 1974 1469 2019 non
1545 1953 1879 2018 modicum
1953 1950 2274 2037 gratulati
2351 1972 2595 2015 sumus.
2717 1952 2818 2017 De
2893 1974 3018 2017 ove

915 2056 1159 2142 quippe
1236 2055 1497 2141 perdita
1568 2054 1813 2139 gaudio
1890 2074 2134 2138 magno
2225 2052 2442 2138 gavisi
2517 2074 2763 2129 sumus,
2841 2053 3020 2137 quod

914 2157 1206 2222 humeris
1252 2157 1349 2243 pii
1395 2158 1677 2242 pastoris
1722 2176 1840 2239 per
1884 2154 2039 2218 avia
2108 2154 2350 2219 deserti
2416 2154 2507 2218 sit
2549 2162 2888 2239 reportata
2931 2156 3016 2219 ad

914 2282 1193 2345 gregem.
1288 2256 1479 2337 Quod
1524 2277 1681 2321 vero
1726 2254 2059 2340 adjecistis
2106 2253 2192 2318 ad
2239 2253 2756 2339 omnipotentem
2800 2254 3018 2320 Deum

916 2383 1034 2425 vos
1052 2360 1077 2399 ¹
1142 2360 1391 2445 erigere
1458 2378 1712 2434 manue,
1782 2356 1899 2441 qui
1972 2355 2078 2419 1113
2145 2354 2402 2420 ultimis
2478 2356 2709 2421 diebus
2773 2362 3018 2421 terram

916 2464 1237 2549 respicere
1308 2462 1621 2547 dignatus
1684 2463 1805 2533 est,
1862 2458 2112 2544 pariter
2155 2462 2226 2523 et
2283 2458 2509 2523 anima
2575 2479 2720 2523 mea
2761 2460 3018 2543 magni-

916 2568 1074 2631 ficat
1117 2564 1497 2637 Dominum,
1543 2560 1659 2645 qui
1719 2558 2063 2645 magnifice
2130 2559 2268 2645 egit
2312 2560 2673 2636 nobiscum,
2718 2566 3018 2625 statuens

920 2665 1269 2754 procellam
1345 2668 1638 2728 nostram
1730 2661 1803 2724 in
1893 2681 2143 2735 auram,
2222 2666 2292 2725 et
2366 2665 2620 2726 motum
2695 2660 3018 2727 fluctuum

924 2770 1257 2855 mitigans.
1349 2766 1412 2829 A
1457 2786 1588 2850 quo
1634 2764 1840 2829 etiam
1885 2782 2066 2826 nunc
2127 2762 2582 2827 desideranter
2625 2763 2699 2826 id
2744 2784 3022 2841 oramuS,

920 2877 998 2937 ut
1042 2889 1409 2936 mereamur
1454 2866 1679 2932 videre
1724 2886 1844 2930 vos
1903 2868 2262 2949 antequam
2330 2864 2584 2930 abeatis
2629 2870 2700 2930 et
2743 2864 3021 2931 avoletis

919 2977 1004 3040 ab
1072 2975 1197 3038 hac
1260 2972 1524 3056 regione
1591 2965 1973 3031 mortalium
2036 2965 2106 3027 in
2177 2964 2359 3030 illam
2425 2971 2835 3043 aeternorum,
2905 2967 3018 3032 ubi

920 3080 1075 3140 sunt
1151 3073 1451 3140 concives
1526 3068 1732 3134 vestri
1825 3073 1895 3132 et
1967 3066 2306 3131 domestici
2397 3065 2543 3132 Dei.
2667 3066 3021 3152 Speramus

921 3178 1269 3264 siquidem,
1345 3173 1521 3260 quod
1595 3193 1679 3236 ex
1754 3169 2109 3255 praesentia
2185 3173 2406 3233 vestra
2479 3189 2614 3234 non
2688 3171 3020 3236 modicum

920 3280 1345 3366 impertiatur
1365 3276 1389 3316 ²
1445 3271 1984 3361 pusillanimitati
2051 3275 2296 3335 nostrae
2361 3270 2594 3356 gratiae
2659 3272 3022 3358 spiritualis

919 3385 1007 3449 ad
1052 3378 1532 3448 confirmandos
1578 3397 1737 3452 nos;
1782 3373 1942 3458 quia
1984 3371 2369 3436 benedictus
2411 3371 2610 3450 Deus,
2641 3373 2756 3458 qui
2801 3374 2876 3438 in
2918 3375 3022 3440 his

920 3485 1153 3550 diebus
1220 3481 1443 3568 posuit
1490 3499 1609 3542 vos
1672 3474 2045 3540 columnam
2110 3472 2342 3537 domus
2405 3493 2542 3538 31133
2605 3475 3023 3541 immobilem.

922 3585 1024 3652 De
1070 3582 1319 3650 clericis
1364 3579 1498 3645 illis
1558 3575 1948 3655 interdictis,
1989 3595 2106 3660 pro
2172 3573 2413 3658 quibus
2475 3574 2752 3640 illustris
2811 3597 3025 3644 comes

922 3689 1121 3774 Hugo
1152 3684 1342 3750 nobis
1374 3680 1651 3766 scripsit,
1681 3677 1852 3742 nihil
1897 3674 2470 3761 inpraesentiarum
2501 3681 2758 3742 mutare
2787 3679 3024 3744 statui..

920 3811 1085 3869 mus,
1118 3787 1233 3852 sed
1263 3786 1354 3850 sic
1386 3781 1691 3848 volumus
1722 3799 1832 3844 eos
1862 3797 2146 3855 manere,
2170 3776 2390 3854 donec,
2421 3775 2692 3843 favente
2723 3778 3024 3860 Domino,

919 3912 1039 3957 nos
1084 3887 1214 3974 ipsi
1259 3883 1623 3958 veniamus,
1670 3884 1910 3957 vestm,
1955 3897 2152 3962 super
2217 3875 2323 3940 his
2391 3881 2461 3941 et
2522 3876 2672 3943 aliis
2738 3880 3022 3947 ecclesiae

918 3988 1221 4078 negotiiS,
1273 3983 1543 4052 consilio
1610 3979 1898 4046 fruituri.
1989 3977 2463 4042 Verumtamen
2524 3976 2681 4045 huic
2743 4001 3026 4065 praesen-

919 4094 1093 4159 tium
1168 4086 1393 4174 bajulo
1466 4087 1735 4170 propter
1819 4077 2151 4144 mittentis
2239 4079 2697 4158 reverentiam,
2760 4083 3023 4169 proprio

922 4195 1123 4261 etiam
1192 4188 1401 4276 ipsius
1462 4181 1936 4270 compatientes
1999 4179 2228 4256 labori,
2273 4180 2772 4266 evangelizandi
2831 4205 3024 4249 usum

920 4293 1359 4380 indulgemus,
1403 4283 1788 4372 baptizandi
1849 4301 2126 4367 quoque,
2173 4284 2242 4344 et
2304 4280 2644 4346 tribuendi
2689 4284 3025 4363 viaticum,

920 4399 979 4464 si
1024 4402 1249 4463 tamen
1276 4390 1517 4456 ultima
1559 4385 1723 4451 vitae
1766 4388 1960 4470 cogat
2001 4381 2368 4448 necessitas.
2459 4382 2710 4452 Valete.

1182 4593 1205 4706 ζ
1237 4587 1546 4736 ἲηοιὲεξὲἰεαν,
1574 4663 1655 4724 VJ
1688 4660 2028 4728 imperciatur,
2049 4658 2090 4708 Z
2105 4679 2120 4720 ς
2156 4657 2490 4722 impartietur,
2514 4658 2583 4709 L.
