3634 5800
544 1073 791 1127 Seaudals

534 1140 835 1257 w*

880 870 1009 933 528
1756 888 2122 937 uns-rom.
2597 875 2758 959 [Am.
2795 876 2982 945 1172.

878 1079 1053 1164 poris
1120 1081 1349 1157 nostri,
1426 1080 1539 1165 qui
1616 1079 1741 1143 sub
1815 1079 2031 1163 specie
2108 1077 2570 1161 conquerentis
2649 1078 2976 1161 persuasit

876 1182 1186 1267 expedire
1248 1188 1329 1249 ut
1394 1204 1565 1247 unus
1630 1185 1996 1245 moreretur
2061 1185 2182 1244 aut
2243 1185 2606 1265 caperetur,
2671 1201 2756 1245 ne
2829 1186 2976 1245 tota

874 1304 1035 1367 gens
1104 1285 1361 1370 periret.
1454 1284 1673 1347 Eratis
1738 1283 1808 1345 in
1885 1281 2132 1367 Anglia
2206 1301 2356 1345 cum
2432 1284 2672 1364 patruo
2749 1286 2971 1345 vestro

876 1384 1141 1451 domino
1184 1384 1649 1460 wintoniensi,
1694 1378 2180 1468 quando'idem
2226 1402 2404 1447 nunc
2449 1380 2760 1466 Caiphas,
2809 1390 2968 1447 tunc

874 1486 1372 1563 archidiabolus,
1417 1484 1787 1550 walterum
1853 1482 2062 1560 illum,
2107 1482 2296 1567 cujus
2362 1482 2796 1547 adolescentis
2853 1484 2966 1549 ad-

874 1588 1143 1654 modum
1188 1595 1471 1653 venusta
1532 1586 1698 1653 facie
1744 1590 1862 1669 (ne
1885 1586 1910 1623 ¹
1975 1585 2238 1651 dicatur
2281 1585 2536 1650 nefario
2581 1586 2961 1668 concubitu)

872 1690 1071 1755 nimis
1136 1695 1567 1756 consueverat
1640 1688 1970 1764 delectari,
2045 1686 2384 1771 hispidum
2461 1692 2531 1751 et
2606 1688 2968 1772 procaciori

868 1790 1099 1877 lingua
1142 1796 1553 1857 evomentem
1600 1789 1840 1875 probra
1885 1810 2032 1873 quae
2079 1787 2150 1851 in
2196 1788 2664 1852 contumeliam
2709 1796 2968 1853 naturae

866 1912 1212 1975 perpessus
1279 1892 1516 1966 fuerat,
1584 1889 1789 1955 oculis
1853 1886 2072 1954 orbari
2146 1887 2327 1965 fecit,
2393 1894 2464 1953 et
2537 1890 2960 1973 postmodum

866 1992 1076 2057 scelus
1143 1998 1547 2079 arguentem,
1608 1991 1783 2055 idem
1859 1988 2369 2068 archidiaboluS,
2433 1990 2778 2074 judicibus
2851 1993 2964 2076 qui

864 2092 1205 2159 saecularia
1290 2093 1555 2178 negotia
1630 2091 2028 2156 exercebant
2101 2092 2447 2176 corruptiS,
2525 2091 2752 2177 adegit
2825 2114 2966 2156 sus-

865 2196 1117 2279 pendio.
1197 2194 1309 2260 Sic
1335 2195 1444 2259 vir
1486 2193 1599 2258 ille
1634 2215 1763 2258 non
1800 2192 2020 2257 minus
2065 2192 2391 2278 benignus
2423 2214 2622 2278 quam
2667 2194 2964 2279 pudicae,
3049 2228 3056 2233 ·

862 2294 1146 2360 columbi
1214 2296 1317 2361 sui
1381 2294 1753 2379 acceptavit
1819 2293 2147 2359 affectum.
2241 2295 2352 2358 Sic
2413 2295 2660 2359 veteris
2729 2296 2962 2360 amasii

860 2398 973 2461 diu
1052 2398 1427 2463 exhibitum
1522 2396 1910 2481 obsequium
2005 2397 2474 2473 remuneravit,
2577 2406 2655 2461 ut
2749 2398 2964 2483 primo

858 2506 1161 2584 stuprum
1226 2499 1499 2563 inferret
1574 2498 1828 2574 misero,
1905 2497 2142 2561 deinde
2215 2498 2558 2573 miseriori,
2637 2500 2798 2583 quia
2873 2500 2956 2565 de

858 2622 1175 2665 consensu
1222 2608 1361 2665 tam
1408 2598 1687 2665 sordidae
1755 2599 2198 2663 immunditiae
2263 2600 2650 2683 poenitebat,
2697 2601 2960 2685 capula-

858 2704 1107 2767 tionem
1154 2709 1223 2767 et
1267 2702 1599 2768 oculorum
1667 2700 2078 2764 avulsionem
2146 2700 2524 2786 infligeret,²
2565 2708 2635 2765 et
2682 2703 2956 2767 tandem

856 2804 1311 2883 miserrimum,
1382 2804 1539 2890 quia
1602 2803 1882 2868 clamore
1949 2809 2029 2865 ut
2091 2807 2355 2889 poterat
2417 2826 2569 2867 suas
2637 2810 2959 2889 protesta—

855 2907 1053 2971 batur
1096 2907 1453 2993 angustiaS,
1498 2927 1886 2991 suspensum
1953 2905 2026 2968 in
2085 2905 2387 2990 patibulo
2433 2905 2660 2970 fecerit
2677 2905 2705 2946 ³
2755 2907 2960 2992 jugu-

852 3009 999 3073 lari.
1090 3009 1255 3075 Haec
1316 3030 1450 3073 non
1516 3007 1845 3093 fingimuS,
1893 3007 2008 3070 sed
2073 3006 2144 3069 in
2213 3013 2501 3072 vestram
2569 3007 2958 3072 studuimus

851 3131 1157 3176 revocare
1202 3111 1603 3186 memoriam,
1650 3109 1707 3172 si
1751 3114 1980 3172 tamen
2025 3109 2327 3174 excidere
2377 3115 2758 3196 potuerunt,
2805 3132 2957 3195 quae

849 3213 1039 3278 velut
1082 3235 1305 3299 ungue
1350 3211 1798 3286 adamantino,
1864 3209 2091 3274 multis
2161 3215 2229 3275 et
2294 3211 2552 3297 magnis
2597 3217 2668 3276 et
2735 3211 2955 3297 plenis

848 3318 979 3382 fide
1025 3319 1193 3382 viris
1237 3318 1476 3403 saepius
1538 3315 1992 3392 referentibuS,
2037 3316 2111 3379 in
2173 3321 2436 3401 pectore
2493 3317 2766 3382 nostro*
2804 3339 2956 3402 pro-

848 3421 1121 3485 fundius
1166 3418 1564 3485 resederunt
1662 3419 1838 3482 Nam
1901 3439 2110 3503 usquc
2177 3418 2250 3482 in
2303 3417 2696 3483 hodiernum
2757 3419 2951 3500 diem,

847 3522 918 3585 in
993 3522 1415 3608 opprobrium
1480 3521 1765 3585 ecclesiae
1839 3519 2226 3605 plerumque
2243 3521 2270 3558 ⁶
2335 3527 2405 3585 et
2481 3526 2948 3608 contemptum,

846 3623 1057 3688 tristis
1125 3623 1266 3688 haec
1333 3623 1613 3687 historia
1676 3622 2061 3688 cantitatur.
2156 3621 2288 3686 Sed
2352 3623 2628 3688 fortasse
2693 3629 2949 3708 quaeret

844 3725 1083 3811 aliquis
1130 3726 1456 3810 quomodo
1500 3729 1767 3788 tantum
1813 3723 2148 3809 flagitium
2193 3731 2264 3788 et
2327 3730 2464 3788 tam
2528 3725 2952 3789 manifestum

843 3827 1113 3914 impune
1157 3827 1521 3912 pertulerit,
1568 3826 1934 3912 praesertim
1979 3827 2175 3891 beato
2221 3825 2521 3912 Eugenio
2567 3833 2730 3894 tunc
2773 3850 2950 3892 sum-

842 3952 1024 3994 mum
1102 3929 1605 3995 administrante
1683 3927 2204 4013 pontificatum?
2345 3928 2434 3992 Et
2509 3927 2798 4012 quidem,
2870 3934 2950 3993 ut

840 4031 1299 4097 indubitanter
1362 4029 1704 4105 credimus,
1769 4028 1956 4093 nullo
2019 4029 2214 4092 modo
2261 4029 2576 4094 evasisset
2641 4029 2771 4093 nisi
2831 4051 2950 4116 per

838 4133 1016 4198 beati
1080 4132 1349 4197 Thomae
1414 4130 1833 4208 industriam,
1903 4131 2018 4215 qui
2085 4151 2204 4215 per
2279 4129 2692 4195 venerabiles
2766 4130 2946 4195 viros

838 4233 1173 4301 Hilarium
1275 4233 1750 4299 Cicestrensem
1828 4236 1898 4296 et
1972 4230 2018 4296 J
2021 4253 2302 4298 oannem
2377 4231 2902 4318 Wigorniensem
2923 4231 2950 4271 ⁸

1035 4381 1094 4388 ,-

904 4459 920 4492 ¹
958 4475 1019 4508 ne
1042 4457 1266 4518 dicatur,
1290 4455 1359 4516 A,
1387 4456 1452 4515 O,
1479 4455 1554 4513 Ζ;
1590 4455 1675 4505 the
1700 4469 1840 4504 same
2007 4453 2030 4486 ³
2049 4455 2199 4519 fecit,
2225 4453 2295 4503 L.

836 4541 1018 4599 words,
1036 4539 1130 4588 but
1152 4537 1359 4587 marked
1376 4535 1457 4585 for
1474 4533 1732 4592 omission,
1751 4534 1804 4583 V
1822 4554 1837 4593 ς
2007 4531 2028 4564 ⁴
2061 4539 2241 4594 vestro,
2265 4534 2322 4583 Z.

833 4619 1084 4677 inductus,
1105 4617 1166 4666 L.
2006 4611 2027 4642 ⁸
2060 4609 2355 4676 plerumque
2377 4619 2442 4674 et,
2460 4613 2523 4672 Ο,
2541 4617 2610 4672 A,
2631 4615 2672 4663 Z
2691 4633 2704 4666 z
2730 4612 2944 4676 Deique,

900 4696 921 4730 ²
954 4695 1226 4762 irfiiqeret‚
1266 4693 1331 4756 Ο,
1373 4693 1442 4754 A,
1480 4693 1547 4752 23
1588 4691 1840 4757 infiqeret,
1941 4691 2003 4740 L.

832 4776 895 4827 L.
2005 4767 2026 4800 ⁶
2073 4768 2456 4832 Vintoniemen,
2480 4771 2540 4821 L.
