3634 5800
884 857 968 917 [Η]
1760 864 2116 914 EPISTOLAE.
2599 848 2758 931 [Ap.
2793 846 2986 910 1169.

880 1053 1180 1117 futurum
1224 1049 1425 1134 refice
1484 1048 1852 1135 diywitatis
1896 1049 2248 1114 admittere
2293 1047 2669 1123 noluerunt,
2714 1069 2794 1111 ea
2838 1066 2986 1130 quae

880 1153 1202 1237 disposita
1275 1153 1543 1218 fuerant
1618 1152 1894 1236 exsequi
1966 1155 2382 1229 recusantes3
2447 1171 2598 1216 cum
2661 1149 2985 1233 archiepi-

880 1257 1076 1341 scopi,
1139 1255 1445 1341 episcopi,
1509 1253 1803 1330 abbateS‚
1866 1253 2190 1339 religiosae
2258 1274 2571 1338 personae,
2635 1252 2987 1337 optimates

884 1361 1088 1445 regni,
1133 1359 1249 1445 qui
1295 1357 1593 1433 aderant,
1637 1377 1756 1441 pro
1817 1356 1990 1420 bono
2051 1360 2258 1419 tantae
2301 1355 2482 1441 pacis
2545 1354 2774 1419 multis
2841 1374 2987 1440 pre-

883 1461 1068 1529 nibus
1116 1459 1534 1533 institissent,
1580 1457 1896 1542 quoniam
1960 1457 2031 1519 in
2078 1457 2538 1521 observatione
2582 1453 2781 1542 regiae
2843 1456 2990 1540 dig·
3078 1471 3084 1476 ·

882 1565 1116 1629 nit-atis
1151 1560 1535 1625 nullatenus
1581 1559 1942 1623 videbatur
1985 1559 2178 1623 nobis
2224 1557 2498 1624 libertas
2543 1564 2665 1623 aut
2694 1557 2986 1643 dignitas

884 1662 1318 1729 ecclesiastica
1370 1660 1791 1746 praegravari.
1886 1659 2232 1744 Siquidem
2297 1660 2590 1745 dignitas
2654 1658 2988 1724 ecclesias-

884 1769 1016 1829 tica
1064 1765 1307 1849 regiam
1352 1760 1711 1848 provehitl
1742 1762 1967 1846 potius
2008 1782 2204 1846 quam
2252 1762 2491 1825 adimit
2513 1762 2538 1801 2
2572 1762 2988 1846 dignitatem,

884 1873 952 1933 ct
976 1865 1000 1901 ³
1068 1865 1306 1951 regalis
1369 1863 1665 1949 dignitas
1733 1863 2242 1928 ecclesiasticam
2307 1884 2696 1928 conservare
2764 1863 2989 1948 potius

884 1968 1231 2033 consucvit
1275 1987 1477 2052 quam
1523 1966 1756 2030 tollere
1799 1966 2197 2031 libertatem.
2292 1966 2559 2030 Etenim
2607 1959 2798 2051 quasi
2843 1967 2988 2052 qui-

884 2073 1164 2134 busdam
1210 2070 1339 2135 sibi
1384 2069 1670 2134 invicem
1717 2069 2170 2154 complexibus
2217 2069 2511 2155 dignitas
2556 2069 2992 2134 ecclesiastica

888 2181 956 2237 ct
1032 2172 1267 2257 regalis
1343 2175 1737 2249 occurrunt3
1806 2191 1956 2235 cum
2031 2192 2152 2236 nec
2229 2192 2414 2256 reges
2489 2169 2772 2235 salutem
2847 2170 2989 2235 sine

888 2277 1170 2351 eeclesia,
1216 2294 1338 2339 nec
1383 2271 1655 2337 ecclesia
1699 2293 1928 2357 pacem
1972 2273 2115 2337 sine
2160 2273 2568 2357 protectione
2613 2273 2797 2357 regia
2839 2293 2994 2337 con-

888 2385 1216 2461 sequatur.
1309 2373 1605 2438 Genibus
1650 2373 1880 2457 itaque
1926 2371 2198 2458 pietatis
2244 2377 2501 2450 vestrae,
2547 2377 2798 2458 quanta
2842 2394 2992 2458 pos-

888 2501 1115 2541 sumus.
1159 2475 1529 2550 devotione,
1577 2475 1880 2540 advoluti
1942 2475 2329 2560 suppliciter
2394 2475 2770 2561 obnixeque
2787 2476 2815 2514 4
2881 2477 2994 2540 de-

888 2581 1214 2665 poscimus
1257 2597 1341 2641 ne
1402 2576 1732 2661 sapientia
1796 2580 2022 2640 vestra
2084 2576 2271 2661 quasi
2338 2576 2711 2641 litterarum
2775 2578 2992 2663 apices

888 2689 956 2745 et
1032 2678 1487 2763 conceptiones
1561 2677 1917 2741 verborum
1994 2678 2217 2762 potius
2292 2700 2492 2763 quam
2567 2701 2706 2744 rem
2781 2682 2993 2766 ipsam

892 2785 1162 2846 duxerit
1207 2778 1745 2866 amplectendas.5
1835 2778 1987 2859 Sed,
2037 2778 2408 2845 secundum
2441 2780 2673 2845 datum
2719 2782 2908 2847 vobis
2954 2806 2996 2849 a

892 2890 1036 2950 Deo
1084 2884 1397 2970 spiritum
1443 2881 1875 2960 discretionis,
1929 2882 2001 2947 id
2045 2882 2226 2969 agite
2289 2904 2373 2948 ne
2419 2905 2617 2950 causa
2678 2885 2877 2950 unius
2923 2886 2995 2950 in

892 2990 1253 3050 munitorum
1300 2991 1369 3049 et
1435 2983 1578 3049 fere
1642 2984 2234 3049 innumerabilium
2297 2987 2657 3072 perniciem
2725 3009 2997 3052 conver-

896 3098 1120 3166 tatur;
1164 3088 1323 3173 quia
1366 3087 1454 3151 ad
1496 3086 1745 3151 bonum
1794 3086 1976 3170 pacis
2023 3087 2419 3174 quandoque
2463 3090 2678 3174 magis
2736 3091 2996 3176 proficit

892 3191 1330 3258 mansuetudo
1397 3189 1651 3275 gratiae,
1719 3210 1920 3274 quam
1994 3190 2311 3254 severitas
2376 3190 2757 3275 disciplinae.
2859 3193 2995 3258 Do-

896 3292 1160 3358 minusss
1206 3312 1552 3378 personam
1615 3296 1909 3354 vestram
1979 3290 2264 3357 ecclesiae
2313 3313 2448 3356 suae
2515 3313 2638 3377 per
2699 3299 2996 3379 tempora

896 3398 1108 3462 multa
1150 3398 1495 3459 conservet
1539 3391 1952 3459 incolumem.

1745 3729 2076 3794 DLXVII
2092 3730 2132 3794 [.

900 3882 1274 3946 HExfflcus
1304 3881 1709 3945 ANGLORUM
1756 3896 1898 3944 REX
1955 3897 2069 3944 AD·
2098 3896 2401 3946 ABBATES
2448 3882 3000 3949 Cls‘rERcmNSES.

1024 4022 1120 4082 (Α,
1144 4024 1262 4081 324,
1293 4023 1428 4082 8273
1461 4021 1525 4071 o.
1553 4019 1605 4068 ii.
1630 4025 1761 4080 2923
1799 4019 1855 4069 z,
1881 4018 1954 4069 iii.
1981 4024 2080 4081 293
2116 4019 2245 4083 Lup.
2267 4020 2338 4070 m
2363 4025 2461 4079 293
2498 4020 2561 4070 G.
2585 4023 2696 4072 Fol.
2718 4026 2862 4083 494.)

980 4126 1367 4208 ‘chricusZ
1408 4158 1528 4200 rex
1572 4135 1840 4222 Angliae
1885 4141 1956 4200 et
1999 4136 2138 4200 dux
2186 4136 2253 4200 N
2256 4137 2622 4203 ormanniae
2685 4143 2755 4202 et
2797 4139 3009 4225 Aqui-

900 4242 1104 4306 taniffl
1154 4244 1223 4304 et
1290 4260 1507 4304 comes
1552 4238 1966 4325 Andegaviae
2012 4238 2174 4302 viris
2219 4238 2711 4303 venerabilibus
2777 4239 3006 4306 abbati

972 4430 984 4458 ¹
1016 4425 1284 4490 provehat,
1306 4425 1360 4476 J.
2067 4423 2088 4454 ⁸
2127 4421 2483 4487 amplectenda,
2507 4426 2564 4476 J.

972 4510 992 4538 Ε
1028 4506 1232 4564 adimat,
1265 4504 1304 4554 J
1324 4524 1338 4565 ς
1375 4502 1608 4566 adjuvat,
1647 4502 1796 4563 Aru.²
1830 4503 1911 4551 ed.
2070 4501 2091 4534 ⁶
2127 4502 2374 4552 Dominus
2408 4538 2422 4553 .
2460 4540 2472 4553 .
2507 4538 2522 4554 .
2556 4501 2858 4563 incolumem,
2903 4519 3002 4555 om.

904 4586 1064 4638 Gssffi.
1999 4581 2055 4631 J.

968 4667 990 4698 ³
1028 4662 1124 4722 rct',
1146 4664 1200 4714 J.
2066 4658 2088 4696 ⁷
2126 4659 2386 4711 Henricus
2411 4697 2423 4710 .
2461 4698 2474 4711 .
2511 4698 2524 4712 .
2549 4660 2802 4726 affectum,
2824 4659 2893 4722 A,
2919 4663 2964 4714 Ο

976 4746 992 4774 *
1028 4745 1313 4805 obnixeque,
1337 4740 1374 4790 J
1442 4741 1701 4790 enitcouc.
1726 4707 1787 4798 12,
1812 4739 1878 4791 G.
1999 4754 2102 4788 om.
2128 4740 2186 4797 Z,
2209 4739 2273 4788 L.
