3634 5800
607 3827 771 3879 Perils
794 3828 851 3877 of

608 3895 693 3945 the
716 3893 913 3945 abbot’s

604 3961 819 4027 English

605 4035 779 4079 estate.

954 837 1083 902 538
1855 817 2222 901 EPISTOLAE.
2669 838 2836 922 [an.
2867 836 3080 908 1172.

950 1039 1244 1124 praedam
1263 1037 1288 1076 1
1342 1043 1705 1106 transeunt.
1802 1039 1892 1106 Et
1959 1060 2097 1106 non
2159 1041 2353 1107 modo
2415 1039 2504 1107 ab
2546 1039 2902 1128 Aquilone,
2947 1038 3082 1104 sed

951 1162 994 1206 a
1052 1147 1339 1226 quatuor
1400 1142 1620 1208 ventis
1688 1141 1830 1208 caeli
1909 1142 1980 1207 in
2043 1144 2398 1229 perniciem
2464 1144 2862 1230 populorum
2933 1140 3080 1208 olla

952 1243 1387 1309 succenditur.
1478 1243 1655 1309 Nam
1702 1264 1743 1308 a
1802 1244 2229 1330 generatione
2273 1246 2405 1310 ista
2465 1267 2601 1312 non
2663 1245 2865 1310 modo
2939 1242 3077 1308 filii

950 1345 1294 1410 Barachiae
1359 1346 1643 1432 sanguis,
1710 1347 1826 1431 qui
1904 1345 2256 1433 plusquam
2331 1349 2510 1414 inter
2583 1348 2916 1434 templum
2995 1351 3076 1411 et

948 1447 1157 1512 altare
1200 1469 1415 1534 nuper
1476 1447 1721 1512 effusus
1784 1454 1902 1526 est,
1971 1470 2149 1515 nunc
2215 1431 2595 1535 requiritur,
2663 1449 2780 1514 sed
2849 1449 3072 1513 etiam

946 1549 1244 1627 aliorum,
1290 1550 1407 1636 qui
1470 1551 1555 1616 ob
1620 1551 1896 1616 eandem
1964 1573 2228 1617 causam
2293 1553 2554 1629 damna,
2624 1551 2946 1626 ludibria,
2993 1554 3072 1614 et

948 1653 1223 1719 verbera
1298 1653 1572 1739 experti,
1646 1654 1997 1740 proscripti
2043 1660 2218 1731 simt‚
2289 1655 2680 1720 incarcerati
2741 1659 2924 1730 sunt,
2991 1653 3072 1716 in

948 1754 1225 1820 exilium
1270 1755 1406 1821 acti
1428 1754 1453 1794 ²
1495 1759 1671 1831 sunt,
1720 1761 1792 1821 et
1843 1756 1981 1821 fere
2027 1757 2109 1821 de
2155 1760 2298 1822 toto
2347 1757 2502 1822 orbe
2550 1752 2840 1837 Latin0,³
2873 1754 3068 1818 unde

945 1859 1405 1944 migraverunt
1448 1858 1535 1922 ad
1580 1857 1963 1937 Dominum,
2007 1859 2386 1945 passionum
2431 1880 2701 1924 suarum
2738 1856 3061 1934 debitam,

946 1965 1016 2025 et
1059 1980 1207 2045 quae
1252 1959 1469 2026 Deum
1515 1960 1743 2025 deceat
1801 1964 1872 2025 et
1938 1961 2149 2046 prosit
2211 1960 2514 2038 ecclesiae,
2561 1961 2890 2044 expetunt
2957 1957 3062 2020 ul-

950 2061 1213 2126 tionem.
1305 2060 1389 2126 In
1434 2061 1540 2126 his
1585 2061 1814 2148 itaque
1859 2061 2178 2128 laetantur
2213 2063 2402 2148 justi,
2447 2062 2566 2147 qui
2612 2061 2848 2126 vident
2899 2059 3057 2122 vin-

944 2163 1191 2230 dictam
1228 2163 1515 2250 justitiae
1560 2185 1912 2230 consonam
1954 2165 2082 2230 Dei
2126 2165 2354 2251 gloriae
2399 2164 2702 2240 militare,
2750 2162 3058 2229 lavantes

944 2266 1179 2351 utique
1223 2287 1463 2331 manus
1507 2287 1658 2331 suas
1704 2267 1777 2330 in
1823 2267 2146 2353 sanguine
2189 2271 2621 2353 peecatorum.

1034 2368 1201 2436 Haec
1247 2369 1629 2435 summatim
1676 2368 1757 2434 de
1802 2368 1908 2433 his
1963 2390 2113 2454 quae
2173 2368 2599 2454 publicantur
2661 2368 2842 2454 apud
2907 2387 3054 2444 noe,

946 2471 1061 2535 ubi
1108 2471 1286 2536 solus
1332 2470 1445 2536 ille
1490 2476 1681 2536 tutus
1727 2476 1830 2535 est
1876 2493 2071 2556 quem
2117 2470 2302 2537 furor
2345 2471 2662 2558 exagitat,
2693 2474 2812 2535 aut
2848 2491 3052 2555 quem

946 2572 1237 2658 Spiritus
1282 2578 1549 2638 sanctus
1596 2571 1797 2638 efficit
1843 2573 2140 2638 omnium
2201 2573 2668 2660 temporalium
2713 2577 3058 2657 contemp-

946 2680 1173 2740 torem.
1271 2674 1461 2740 Foris
1507 2675 1682 2740 enim
1744 2675 1969 2740 adstat
2031 2674 2308 2761 gladius,
2353 2675 2554 2740 timor
2617 2675 2838 2754 intus3
2883 2674 3058 2738 civis

944 2782 1012 2843 et
1078 2777 1289 2842 hostis
1351 2777 1425 2840 in
1490 2777 1719 2842 eodem
1786 2776 1922 2842 fere
1991 2782 2344 2843 versantur
2417 2777 2679 2842 calculo.
2797 2775 3058 2840 Nostra.

942 2885 1168 2947 autem
1214 2902 1353 2946 sors
1410 2879 1922 2946 conviventibus
1981 2879 2391 2965 adsequatur,
2437 2879 2566 2945 nisi
2631 2879 2808 2965 quod
2868 2878 3056 2944 inter

946 2984 1234 3069 Scyllam
1282 2988 1352 3049 et
1398 2981 1811 3069 Charybdim
1858 2982 2286 3069 periculosius
2328 2984 2740 3069 navigantes,
2777 2982 3050 3047 eviden-

944 3087 1090 3164 tior,
1120 3107 1322 3172 supra
1366 3089 1437 3150 et
1486 3090 1721 3151 contra
1764 3085 2007 3151 merita
2051 3090 2298 3162 nostra,
2343 3085 2470 3150 Dei
2498 3083 2884 3170 propitiatio
2932 3084 3047 3149 be-

942 3186 1257 3275 nignius⁴
1300 3187 1695 3254 consolatur.
1786 3186 1965 3251 Nam
2030 3192 2110 3251 ut
2177 3187 2305 3251 sibi
2374 3187 2584 3273 magis
2649 3185 2885 3251 reddat
2929 3184 3048 3251 ob-

941 3289 1194 3366 noxios,
1240 3289 1577 3354 intentata
1622 3310 1658 3353 e
1702 3287 1924 3353 vicino
1968 3288 2262 3353 ostendit
2297 3286 2632 3373 pericula,⁵
2661 3292 2730 3353 et
2759 3287 3048 3352 validius

942 3392 1268 3458 irruentia
1335 3412 1507 3473 saepe
1570 3390 1834 3477 longius
1903 3389 2272 3475 fortiusque
2339 3390 2622 3476 repellit,
2667 3394 2747 3453 ut
2807 3390 3048 3455 merito

942 3496 1158 3561 dicere
1234 3493 1607 3570 debeamuS‚
1675 3492 1791 3578 qui
1869 3490 2234 3556 Dominum
2312 3490 2358 3556 J
2361 3512 2563 3568 esum,
2633 3490 2801 3556 velit
2872 3492 3048 3556 nolit

941 3597 1229 3662 mundus
1274 3616 1471 3681 super
1502 3594 1724 3659 omnia
1753 3592 2198 3673 benedictum,
2239 3613 2376 3660 non
2421 3592 2662 3680 diligit,
2691 3593 3052 3659 anathema

950 3700 1054 3765 sit.

1028 3802 1269 3869 Vestra
1320 3806 1564 3882 autem,
1618 3819 1764 3885 quae
1810 3798 1883 3863 in
1928 3797 2229 3884 partibus
2275 3798 2518 3863 nostris
2578 3802 2754 3875 sunt,
2814 3798 3052 3863 multis

941 3905 1249 3993 periculis
1295 3908 1740 3991 exponuntur.
1833 3899 2066 3966 Nostri
2085 3898 2112 3937 ⁰
2169 3904 2473 3986 potentes
2537 3901 3051 3986 circumquaque

940 4010 1014 4075 in
1088 4009 1279 4093 lupos
1356 4004 1659 4073 conversi
1732 4007 1909 4081 sunt,
1981 4023 2144 4087 quos
2211 4001 2514 4087 improba
2573 4001 2827 4067 ventris
2901 4004 3050 4089 agit

941 4110 1294 4199 ingluvies,
1358 4113 1437 4173 ut
1490 4110 1649 4193 jura
1693 4109 2184 4192 potestatesque
2245 4108 2686 4187 contemnant.
2781 4104 2869 4170 Et
2913 4105 3050 4169 nisi

940 4213 1229 4279 hominis
1277 4211 1385 4278 cui
1422 4210 1691 4276 domum
1740 4206 2158 4274 commisistis
2186 4205 2511 4271 laboriosa
2530 4213 2598 4273 et
2627 4205 2859 4273 efficax
2886 4206 3043 4272 sub-

942 4315 1233 4381 venisset
1252 4312 1598 4393 industria,
1620 4310 1764 4397 jam
1788 4329 1938 4375 raro
1968 4313 2089 4374 aut
2111 4307 2297 4374 nullo
2315 4308 2639 4375 coleretur
2654 4306 3046 4377 habitatore.

1003 4621 1022 4655 ¹
1054 4619 1319 4687 praedicta,
1340 4618 1401 4669 L.
2107 4611 2127 4644 ⁴
2164 4612 2280 4664 Om.
2307 4612 2374 4663 O.

1002 4698 1025 4733 ⁹
1059 4699 1182 4761 acti,
1212 4699 1273 4758 V,
1298 4698 1341 4747 Z
1356 4718 1371 4759 ς
1406 4696 1557 4759 ηιίεεί,
1580 4692 1649 4756 L,
1674 4694 1739 4747 G.
2008 4742 2012 4747 .
2105 4693 2126 4725 ⁵
2155 4692 2454 4758 periculum,
2479 4694 2545 4745 Ο.

1003 4778 1025 4813 ³
1058 4777 1237 4841 Latio,
1255 4775 1325 4847 ᾖ.
2103 4771 2124 4805 ⁶
2157 4772 2372 4834 Nostra,
2393 4772 2459 4823 Ο.
