3634 5800
635 849 769 906 Aa).
803 835 931 906 117
936 835 1026 920 0.]
1530 850 1895 900 amsi-olm.
2615 833 2744 903 23⁷

640 1060 775 1126 qua
832 1038 1103 1125 justitia
1166 1037 1414 1104 viderit
1480 1036 1662 1102 Deus
1728 1041 1797 1102 et
1853 1036 2126 1121 judicet.
2245 1035 2526 1102 Secutus
2593 1059 2745 1103 eum
2771 1049 2918 1127 Johq

641 1142 688 1207 J
692 1162 937 1208 oannes
959 1140 1203 1207 Cumin
1234 1163 1303 1206 se
1334 1139 1588 1224 majora
1609 1138 1936 1226 gloriatus
1957 1143 2060 1204 est
2088 1139 2476 1225 impetrasse
2503 1164 2519 1219 ;
2559 1144 2641 1217 et,
2669 1145 2748 1205 ut
2774 1117 2974 1169 Cunna.

642 1243 1287 1311 Christianissimum
1331 1263 1553 1328 regem
1598 1246 1669 1307 et
1715 1241 2068 1327 optimates
2113 1241 2300 1326 regni
2344 1240 2743 1308 Francorum

642 1366 685 1412 a
720 1349 949 1410 nostra
986 1349 1055 1410 et
1083 1343 1615 1410 coexsulantium
1657 1342 1850 1406 nobis
1895 1341 2335 1408 subventione
2366 1343 2743 1421 retraheret,

642 1467 1001 1534 peragrans
1058 1446 1410 1512 Franciam
1472 1451 1541 1510 et
1584 1446 1657 1508 in
1718 1443 2180 1530 Burgundiam
2239 1443 2628 1530 irrumpenS,
2673 1445 2746 1508 in

643 1549 929 1616 ecclesiis
976 1553 1045 1613 et
1088 1547 1414 1614 nobilium
1476 1547 1782 1613 domibus
1845 1545 2319 1612 disseminabat
2379 1568 2448 1611 se
2494 1552 2744 1613 certum

644 1673 782 1719 esse
829 1652 911 1717 de
955 1655 1185 1718 nostra
1229 1651 1365 1716 cita
1409 1648 1798 1735 dejectione,
1829 1648 2054 1716 dicens
2100 1653 2324 1714 tamen
2367 1671 2438 1714 se
2484 1655 2745 1736 tempus

644 1759 714 1820 et
760 1752 1029 1818 modum
1082 1751 1375 1829 reticere,
1421 1750 1582 1836 quia
1628 1750 1924 1816 revelare
1987 1755 2311 1816 secretum
2373 1751 2546 1816 sedis
2591 1773 2746 1837 apo-

644 1856 891 1922 stolicae
952 1875 1087 1920 non
1135 1855 1440 1920 audebat.
1560 1853 1694 1932 Qui
1741 1874 1897 1920 vero
1943 1874 2120 1919 nunc
2164 1853 2521 1920 novissime
2575 1855 2748 1920 redi-

646 1965 860 2036 erunt,
881 1958 1206 2044 jactitant
1249 1956 1584 2022 indultam
1631 1956 1771 2042 regi
1802 1956 2206 2034 dilationem,
2239 1960 2310 2022 et
2348 1962 2746 2043 potestatem

644 2066 937 2126 nostram
981 2080 1024 2125 a
1069 2059 1259 2124 vobis
1304 2079 1443 2123 esse
1488 2078 1890 2143 suspensam,
1939 2062 2031 2135 ut,
2079 2079 2200 2124 nec
2244 2059 2317 2122 in
2361 2059 2580 2144 ipsum
2629 2081 2750 2126 nec

645 2162 719 2227 in
764 2147 1055 2248 aliduam
1116 2181 1463 2247 personam
1528 2163 1723 2228 terrae
1786 2180 1942 2240 suae,
1981 2159 2267 2245 justitiae
2329 2182 2601 2227 manum
2666 2185 2748 2227 ex

636 2285 1065 2351 quacumque
1126 2283 1325 2330 causa
1390 2262 1714 2348 possimus
1776 2261 2150 2328 extendere.
2273 2262 2500 2330 Abbas
2545 2265 2748 2330 etiam
2776 2291 2999 2342 clarem-

648 2365 878 2432 Sancti
914 2363 1277 2451 Augustini
1307 2363 1628 2450 gloriatus
1660 2367 1762 2428 est
1792 2362 1967 2448 quod
2001 2363 2477 2431 benedictionis
2509 2388 2750 2432 munus
2775 2358 2908 2407 bald.

646 2468 1039 2553 suscepisset
1082 2487 1123 2532 a
1154 2465 1360 2542 vobis,
1391 2466 1448 2530 si
1496 2470 1721 2530 tutum
1741 2463 1765 2502 ¹
1810 2465 2048 2531 fuisset
2095 2471 2174 2532 ut
2214 2469 2637 2549 tonderetur3
2683 2477 2752 2536 et

646 2570 907 2635 utinam
978 2568 1185 2654 (quod
1230 2568 1303 2632 in
1348 2567 1599 2634 vicinia
1638 2589 1761 2634 sua
1802 2568 2099 2633 nondum
2145 2569 2436 2635 creditur
2453 2570 2510 2658 2)
2555 2571 2750 2637 bene·

647 2671 939 2740 dictione
985 2672 1174 2736 fieret
1219 2671 1478 2756 dignus.
1574 2671 1715 2736 Nec
1762 2671 2046 2736 reticent
2091 2693 2178 2748 se,
2222 2672 2353 2736 nisi
2397 2671 2751 2758 petitiones

650 2796 876 2842 eorum
952 2777 1518 2860 promoverentur,
1590 2771 1976 2838 inimicitias
2052 2773 2338 2840 ecclesiae
2413 2775 2750 2844 catholicae

650 2876 1095 2954 denuntiasse,
1129 2879 1199 2941 et
1242 2894 1285 2940 a
1331 2872 1540 2941 Curia
1569 2875 1910 2941 recessisse
1942 2895 2092 2941 cum
2137 2875 2637 2963 indignatione3
2683 2888 2752 2947 et

648 2986 879 3067 postea
898 2976 927 3017 ⁸
970 2978 1279 3044 Fratrum
1325 2984 1713 3055 vestrorum,
1761 2979 1877 3063 qui
1924 2978 2246 3045 columnae
2292 2982 2607 3047 videntur
2652 3006 2753 3049 ec-

650 3082 880 3159 clesiae,
933 3082 1289 3147 sedulitate
1343 3084 1411 3145 et
1458 3079 1806 3167 diligentia
1851 3081 1936 3147 ad
2000 3080 2270 3147 Curiam
2315 3084 2516 3149 fuisse
2562 3106 2750 3151 revo-

648 3190 847 3251 catos.
939 3183 1103 3249 Hoec
1146 3183 1219 3247 in
1249 3182 1555 3269 compitis
1602 3182 1986 3268 praedicant,
2017 3188 2096 3249 ut
2137 3204 2363 3249 eorum
2408 3192 2748 3274 magnani-

650 3288 846 3353 mitas
890 3287 1279 3362 innotescat,
1324 3290 1393 3350 et
1436 3284 1717 3351 fortasse
1764 3290 1845 3349 ut
1887 3286 2233 3351 nationum
2289 3289 2617 3377 principes
2663 3292 2748 3356 ad

650 3388 895 3455 similia
955 3391 1411 3474 provocentur.
1536 3386 1626 3451 Et
1669 3387 1957 3472 quidem,
2018 3394 2212 3475 pater
2265 3397 2507 3471 sancte,
2553 3393 2749 3461 officii

650 3492 859 3557 nostri
937 3494 1233 3576 potestas
1299 3488 1491 3555 facile
1566 3490 1882 3574 suspendi
1957 3491 2221 3575 poterit,
2289 3494 2404 3557 sed
2479 3486 2790 3561 dextera'

653 3593 799 3671 Dei,
862 3614 1009 3679 quae
1066 3592 1209 3678 jam
1282 3592 1505 3677 capita
1564 3592 1880 3677 deprimit
1947 3598 2400 3678 tyrannorum,
2463 3597 2750 3663 cohiberi

651 3717 785 3760 non
829 3699 1064 3781 potest.
1182 3694 1448 3757 Timent
1493 3693 1717 3757 fideles
1766 3694 1969 3758 vestri
2015 3716 2118 3773 ne,
2165 3696 2322 3760 dum
2372 3701 2752 3765 exercendae

644 3798 933 3883 justitiae
980 3796 1251 3861 meliora
1304 3800 1605 3881 tempora
1650 3796 2068 3881 exspectatiS,
2101 3798 2355 3883 optima
2385 3800 2752 3870 elabantur.

654 3901 829 3967 Nam
900 3900 971 3962 in
1034 3903 1215 3962 arcto
1279 3897 1481 3982 positi
1556 3902 1737 3976 sunt,
1802 3903 1872 3963 et
1940 3900 2051 3984 qui
2121 3905 2329 3966 terret
2395 3902 2545 3987 plus
2612 3906 2753 3991 ipse

654 4004 863 4067 timet.
956 3998 1461 4075 “Consortare‚’'
1510 3999 1735 4084 inquit
1780 3999 2124 4078 Dominus,
2158 4010 2192 4036 “
2223 4007 2293 4067 et
2337 4010 2480 4070 esto
2525 4008 2753 4073 robus-

652 4114 685 4138 “
732 4109 859 4179 tus„
888 4124 973 4165 ne
1014 4100 1249 4164 timeas
1293 4122 1335 4164 a
1378 4099 1545 4163 facie
1576 4120 1820 4177 eorum,
1854 4100 2011 4185 quia
2059 4100 2248 4187 Ego4
2293 4109 2512 4170 tecum
2549 4111 2753 4175 sum.'’

657 4206 701 4271 J
704 4202 1209 4270 actitationibus
1280 4202 1669 4265 nuntiorum
1732 4203 1906 4287 regis
1969 4224 2105 4267 non
2173 4206 2562 4287 crederetur,
2625 4213 2754 4277 nisi

655 4309 813 4395 quia
856 4305 1211 4371 cardinalis
1257 4304 1328 4367 in
1370 4304 1601 4369 eadem
1648 4304 1956 4391 opinione
2003 4311 2121 4384 est,
2160 4311 2228 4372 et
2271 4330 2392 4374 nos
2439 4313 2638 4379 verbo
2685 4321 2755 4381 et

720 4621 735 4651 ¹
772 4626 941 4681 totum,
968 4616 1035 4667 L.
1594 4576 1606 4585 ξ
1809 4591 1832 4623 ³
1864 4596 1912 4639 εἰ
1952 4600 2151 4657 P⁰⁸tea2
2191 4596 2262 4656 A»
2303 4600 2368 4661 0>
2409 4603 2480 4661 ΖΞ
2539 4618 2636 4654 01¹¹·
2676 4608 2752 4667 Vi

905 4724 914 4733 ι
1744 4670 1849 4732 sed,
1875 4668 1943 4719 L.

720 4724 741 4756 ‘³
776 4723 1034 4785 credam,
1058 4720 1123 4772 L.
1810 4749 1831 4779 ⁴
1869 4749 2008 4813 qu,
2030 4766 2132 4812 om,
2157 4754 2216 4803 L.
