3634 5800
652 901 783 952 Am.
822 885 1044 970 1170]
1549 903 1922 956 nmsronffl..
2644 891 2774 955 323

669 1093 812 1154 tate
861 1089 1140 1164 laetitiae,
1187 1088 1420 1156 confici
1465 1089 1803 1176 religionis
1849 1089 2039 1156 favor
2062 1087 2087 1126 ¹
2135 1087 2450 1174 exposcit.
2543 1089 2777 1156 Praeci-

663 1191 884 1276 pimus
928 1194 1153 1257 autem
1198 1198 1295 1271 ut,
1342 1192 1738 1258 auctoritate
1805 1194 2037 1258 nostra
2082 1192 2164 1256 de
2214 1190 2418 1277 hujus
2480 1191 2779 1278 specialis

667 1293 967 1358 mandati
1033 1299 1261 1360 tenore
1331 1299 1618 1372 utenteS,
1663 1294 1978 1359 omnibus
2048 1293 2313 1360 decanis
2382 1314 2499 1378 per
2566 1293 2777 1360 archi-

664 1395 1113 1482 episcopatum
1159 1395 1538 1462 constitutis
1570 1395 1999 1472 denuntiem,
2044 1394 2118 1458 in
2162 1394 2417 1459 virtute
2466 1393 2777 1460 obedien-

676 1495 804 1572 tiae,
852 1497 924 1560 in
968 1497 1256 1582 periculo
1287 1495 1559 1574 ordinis,
1591 1495 1803 1574 officii,
1853 1503 1923 1580 et
1980 1495 2299 1572 beneficii,
2336 1499 2663 1580 quatenus
2707 1495 2781 1559 in

677 1597 983 1664 omnibus
1029 1597 1316 1664 ecclesiis
1367 1597 1854 1684 jurisdictionis
1904 1617 2135 1664 eorum
2195 1596 2396 1682 hujus
2438 1596 2777 1664 interdicti

677 1700 1096 1778 sententiam,
1141 1706 1466 1785 quantum
1529 1701 1604 1764 in
1665 1701 1762 1766 eis
1820 1706 1939 1778 est,
1984 1699 2236 1766 faciant
2299 1698 2775 1765 inviolabiliter

671 1803 1024 1868 observari.
1113 1801 1248 1868 Vos
1278 1802 1422 1869 Deo
1467 1802 1689 1888 potius
1721 1823 1924 1888 quam
1967 1801 2349 1868 hominibus
2392 1801 2771 1867 obedientes

667 1903 887 1989 gratia
929 1903 1058 1970 Dei
1103 1903 1453 1970 custodiat.

761 1999 1048 2057 Similiter
1077 2000 1274 2057 abbati
1303 2001 1376 2057 de
1405 2001 1781 2068 Fam-enham,
1813 2006 1877 2058 et
1921 2000 2054 2058 eliis
2099 2000 2424 2068 abbatibus,
2456 2005 2518 2058 et
2560 2000 2773 2072 priotri-

668 2090 777 2145 bus
823 2108 926 2162 per
955 2089 1516 2164 archiepiscopatum
1549 2090 1885 2146 constitutis
1910 2113 1926 2158 ;
1972 2078 2135 2171 nisi-²
2164 2090 2321 2163 quod
2348 2107 2469 2146 non
2500 2094 2775 2146 tenentur

668 2177 894 2251 aliquid
937 2180 1250 2253 praecipere
1295 2179 1547 2236 decanis.

1481 2509 1917 2577 DCLXXXI.

719 2659 1017 2726 TnouAs
1079 2658 1644 2727 CANTUARmnffls
1701 2673 2289 2725 Ancnmmscopus
2361 2674 2677 2724 ommims
2706 2663 2730 2698 ³

847 2780 1150 2829 nncuus
1195 2781 1330 2828 PER
1372 2779 2066 2830 ARcmEPISCOPATUn
2110 2761 2598 2828 consumme*

932 2916 1027 2979 (A.
1051 2920 1182 2977 8433
1218 2916 1280 2967 Ο.
1305 2915 1355 2965 ii.
1379 2921 1509 2975 2603
1547 2917 1604 2965 Z.
1628 2932 1676 2965 v.
1702 2920 1766 2967 88
1785 2936 1800 2975 ;
1836 2916 1972 2979 Lup.
1996 2930 2045 2964 v·
2068 2918 2163 2974 883
2200 2912 2381 2963 Thom.
2404 2916 2513 2975 82.)

749 3045 967 3110 Novit
1010 3051 1234 3111 vestra
1277 3045 1564 3123 dileetio,
1601 3043 1930 3130 quomodo
1976 3043 2048 3107 in
2090 3043 2445 3130 perniciem
2492 3041 2776 3108 ecclesiae
2796 3042 3045 3095 Interdiet

676 3148 982 3213 dominus
1069 3169 1207 3225 rex,
1283 3147 1458 3213 sedis
1532 3146 1913 3233 apostolicae
2011 3145 2337 3231 patientia
2412 3149 2483 3210 et
2556 3149 2781 3211 nostra
2796 3110 3077 3228 {230³}le

675 3270 928 3335 semper
974 3248 1271 3328 abutens,
1321 3248 1648 3313 deteriora
1691 3246 2217 3335 praecedentibus
2278 3245 2471 3313 malis
2524 3268 2779 3332 semper

671 3351 1002 3436 adjecerit.
1121 3350 1287 3415 Inde
1334 3356 1436 3416 est
1478 3350 1656 3436 quod
1702 3349 1894 3416 vobis
1946 3348 2019 3413 in
2065 3349 2317 3414 virtute
2364 3348 2776 3425 obedientiae,

675 3454 748 3515 in
793 3452 1082 3537 periculo
1120 3451 1386 3529 ordiniS,
1418 3450 1629 3528 officii,
1661 3456 1730 3516 et
1761 3449 2064 3515 beneficii
2108 3449 2549 3536 praecipiendo
2594 3470 2777 3514 man-

674 3552 908 3617 damus
962 3558 1306 3638 quatenus,
1351 3552 1527 3617 infra
1595 3551 1977 3637 quindecim
2050 3551 2188 3616 dies
2262 3572 2304 3616 a
2368 3550 2777 3636 susceptione

673 3654 1123 3739 praesentium,
1187 3654 1260 3717 in
1330 3653 1615 3719 ecclesiis
1680 3652 2165 3739 jurisdictionis
2242 3658 2480 3717 vestrae
2556 3650 2779 3717 omnia

679 3756 922 3833 divina,
993 3760 1237 3841 praeter
1311 3755 1642 3842 baptisma
1719 3754 2150 3841 parvulorum
2220 3760 2287 3820 et
2351 3751 2781 3840 poenitentias

673 3857 1119 3936 morientium,
1149 3856 1555 3943 prohibeatis
1597 3856 1808 3925 officia
1850 3857 2181 3934 celebrari,
2214 3861 2284 3921 et
2327 3856 2528 3941 hujus
2572 3855 2775 3921 inter-

677 3958 840 4026 dicti
912 3960 1330 4036 sententiam‚
1398 3963 1721 4045 quantum
1791 3960 1862 4022 in
1926 3958 2115 4023 vobis
2179 3963 2298 4034 est,
2366 3956 2623 4023 faciatis
2690 3955 2777 4022 ab

673 4060 978 4126 omnibus
1041 4060 1515 4126 inviolabiliter
1560 4061 1912 4126 observari.
2040 4059 2150 4123 Ad
2195 4058 2336 4126 haec
2381 4058 2505 4123 sub
2551 4058 2777 4123 eadem

677 4161 1215 4226 interminatione
1282 4160 1721 4248 praecipimuS,
1785 4166 1868 4225 ut
1948 4158 2311 4246 procuretis
2389 4178 2517 4243 quo
2584 4156 2779 4221 modo

671 4260 882 4327 literae
951 4266 1192 4327 nostrae
1262 4262 1620 4328 conventui
1697 4259 2195 4327 Cantuariensis
2258 4258 2545 4325 ecclesiae
2611 4280 2777 4343 prae-

663 4367 1024 4429 sententur.

721 4564 739 4596 ¹
757 4566 982 4630 servor?
1830 4564 1851 4596 ⁴
1880 4580 1979 4629 per
2034 4582 2069 4615 α
2074 4600 2288 4615 .....
2324 4564 2624 4627 constitutis,
2681 4564 2769 4624 A;

713 4642 735 4675 ²
769 4646 870 4693 nisi
905 4682 916 4694 .
958 4682 970 4695 .
1008 4682 1022 4698 .
1070 4645 1300 4707 decanis,
1323 4662 1424 4696 om.
1451 4646 1520 4707 A,
1544 4644 1606 4695 Ο.
1769 4642 1984 4704 Cantioe,
2010 4642 2067 4703 Z,
2090 4643 2151 4693 L.

718 4722 742 4755 ³
779 4723 1023 4787 omibus,
1045 4724 1130 4786 A3
1167 4739 1266 4775 om.
1293 4726 1352 4786 Z,
1373 4726 1432 4775 L.

2358 4888 2497 4950 12
