3634 5800
517 1865 756 1914 Restora·

515 1930 624 1979 tion
648 1930 710 1980 of

513 2003 775 2062 property.

854 819 986 882 250
1731 841 2091 890 EPISTOLAE.
2573 828 2730 910 [AD.
2767 828 2957 892 1170.

852 1045 978 1108 que
1026 1045 1108 1088 ne
1171 1025 1528 1109 prosiliatis
1575 1028 1660 1092 ad
1723 1028 2207 1093 absolutionem
2254 1029 2402 1093 nisi·
2430 1031 2593 1094 certi
2659 1031 2741 1095 de
2798 1049 2957 1115 pace

853 1130 1194 1205 secutura3
1255 1132 1324 1191 et
1366 1134 1446 1192 ut
1510 1150 1660 1194 cum
1725 1151 1873 1194 eam
1920 1131 2229 1209 feceritis,
2298 1131 2355 1195 si
2418 1137 2647 1196 tamen
2712 1129 2959 1196 facturi

851 1227 1028 1303 estis,
1065 1227 1538 1311 juramentum,
1591 1232 1957 1296 secundum
2019 1233 2197 1317 quod
2242 1233 2433 1298 vobis
2498 1233 2959 1318 praescriptum

852 1334 968 1402 est,
1017 1329 1347 1414 recipiatis
1408 1331 1494 1395 ab
1563 1332 2021 1414 absolvendis3
2077 1335 2551 1398 denuntiantes
2616 1336 2711 1398 eis
2758 1333 2955 1419 quod,

850 1429 981 1492 nisi
1027 1430 1396 1496 exhibitam
1452 1435 1911 1498 consecutione
1972 1456 2245 1520 operum
2310 1434 2737 1520 impleverint
2802 1456 2955 1500 cau-

851 1531 1118 1610 tionem,
1165 1535 1344 1597 omni
1389 1535 1814 1600 excusatione
1846 1541 1917 1599 et
1960 1536 2404 1622 appellatione
2450 1537 2835 1623 postposita,
2884 1536 2957 1599 in

853 1634 1202 1718 pristinam
1277 1637 1977 1702 excommunicationis
2065 1639 2467 1703 sententiam
2542 1639 2956 1704 reducentur.

853 1739 1133 1802 Interim
1177 1743 1400 1803 autem
1444 1740 1971 1804 communionem
2003 1761 2231 1804 eorum
2276 1740 2622 1806 sollicitius
2668 1739 2954 1816 evitetis,

849 1841 1112 1925 nequod
1157 1840 1626 1906 offendiculum
1673 1843 1849 1906 detis
1894 1843 2189 1921 infirmis,
2238 1848 2307 1908 et
2369 1843 2734 1928 vituperari
2796 1843 2955 1908 faci-

851 1944 980 2008 atis
1027 1943 1470 2007 ministerium
1518 1948 1837 2019 vestrum,
1884 1950 1955 2010 et
2007 1944 2233 2030 impiis
2290 1946 2605 2010 animatis
2650 1945 2740 2010 ad
2800 1965 2955 2010 con-

851 2051 1180 2132 temptum
1228 2045 1682 2112 ecclesiasticae
1737 2047 2121 2133 disciplinae,
2168 2069 2383 2114 causae
2430 2047 2558 2113 Dei
2622 2069 2756 2112 non
2820 2069 2957 2112 me-

851 2149 1066 2214 diocre
1113 2149 1533 2234 dispendium
1577 2149 1923 2234 generetis.
2015 2149 2088 2214 Si
2133 2150 2307 2215 forte
2352 2150 2649 2235 exegerit
2694 2171 2829 2226 reX,
2874 2155 2955 2212 ut

849 2250 1374 2335 archiepiscopus
1417 2249 1491 2314 in
1523 2255 1768 2316 terram
1799 2253 2004 2317 suam
2018 2251 2260 2328 redeat,
2294 2250 2733 2336 possessiones
2762 2271 2914 2314 suas
2931 2249 2957 2286 ¹

850 2357 920 2418 et
963 2351 1144 2439 pacis
1189 2352 1486 2418 osculum
1549 2352 2059 2438 praesentialiter
2122 2357 2508 2438 suscepturu
2516 2374 2563 2430 S,
2609 2357 2953 2437 procurate

849 2459 944 2531 ut,
992 2453 1168 2538 quod
1214 2453 1288 2516 in
1341 2453 1647 2518 absentia
1704 2453 1847 2537 ejus
1908 2453 2053 2518 fieri
2116 2459 2353 2538 potest,
2401 2454 2627 2518 domos
2672 2459 2743 2518 et
2804 2474 2951 2538 pos-

848 2555 1165 2620 sessiones
1209 2576 1363 2619 suas
1424 2555 1712 2620 ecclesiae
1775 2555 2065 2619 ministri
2134 2555 2475 2640 recipiant,
2522 2555 2637 2638 qui
2697 2555 2955 2639 possint

845 2656 1152 2720 redeunti
1197 2657 1566 2722 necessaria
1611 2678 1994 2742 praeparare.
2086 2657 2179 2721 Et
2230 2663 2310 2722 ut
2371 2657 2578 2740 aliqui
2624 2657 2706 2721 de
2768 2677 2950 2741 mag-

845 2759 1116 2824 natibus
1161 2763 1356 2823 terrae
1412 2758 1620 2842 (quod
1681 2759 2019 2844 episcopos
2083 2758 2401 2844 quosdam
2468 2759 2755 2824 libenter
2816 2757 2948 2824 fac-

843 2865 1028 2925 turos
1097 2879 1236 2923 esse
1300 2878 1436 2923 non
1501 2857 1788 2945 ambigo)
1869 2858 2147 2923 veniant
2220 2857 2307 2924 ad
2386 2856 2949 2943 archiepiscopum

845 2984 929 3027 ex
983 2962 1296 3027 mandato
1361 2962 1550 3047 regiS,
1598 2961 1715 3046 qui
1777 2962 1842 3026 ei
1908 2962 2306 3027 conductum
2382 2966 2453 3025 et
2526 2960 2951 3025 securitatem

842 3068 1180 3151 praestent,
1225 3069 1306 3127 ut
1349 3064 1492 3128 sine
1537 3063 2015 3148 impedimento
2078 3064 2291 3148 possit
2334 3063 2509 3129 inter
2554 3085 2663 3128 eos
2726 3085 2947 3129 recon-

842 3156 1112 3245 ciliatio,
1188 3171 1390 3251 prout
1463 3165 1675 3251 ipsam
1749 3170 1951 3233 antea
2042 3165 2506 3242 formaveritis„
2580 3165 2945 3250 adimpleri.

842 3268 1160 3354 Alioquin
1211 3266 1757 3353 archiepiscopus,
1803 3265 1935 3330 nisi
2000 3287 2197 3333 causa
2264 3267 2529 3351 cognita
2573 3270 2643 3330 et
2705 3266 2947 3331 securi-

842 3378 982 3437 tate
1041 3374 1324 3455 accepta,
1385 3368 1646 3433 nullum
1715 3368 1774 3453 ej
1784 3390 1858 3432 us
1922 3368 2125 3433 inibit
2192 3367 2606 3453 colloquium.
2718 3368 2807 3431 Et
2872 3368 2947 3445 si,

844 3474 1020 3559 quod
1084 3473 1168 3538 de
1233 3471 1592 3557 prudentia
1657 3473 1729 3535 et
1803 3470 2181 3535 constantia
2255 3474 2483 3535 vestra
2556 3468 2734 3533 credi
2810 3490 2945 3533 non

841 3576 1056 3654 debet,
1103 3596 1222 3639 rex
1266 3596 1384 3638 vos
1428 3572 1941 3638 circumvenerit
1984 3576 2105 3637 aut
2148 3571 2558 3659 compulerit,
2587 3577 2667 3635 ut
2710 3572 2784 3635 in
2828 3572 2949 3636 lae-

839 3681 1090 3745 sionem
1137 3678 1422 3743 ecclesiae
1483 3680 1604 3741 aut
1660 3676 2175 3762 proscriptorum
2242 3675 2493 3740 Christi
2554 3675 2942 3740 mandatum

837 3780 1271 3867 apostolicum
1341 3777 1693 3853 excedatis,
1761 3776 1951 3842 vobis
2028 3782 2207 3842 certo
2280 3777 2527 3841 certius
2602 3777 2692 3841 sit
2767 3776 2945 3861 quod

835 3882 1362 3967 archiepiscopus
1430 3878 1604 3943 nihil
1667 3899 1895 3942 eorum
1960 3899 2107 3962 quae
2172 3878 2266 3943 sic
2328 3877 2659 3963 gesseritis
2722 3882 2945 3942 ratum

836 3983 1128 4061 habebit,
1175 4003 1296 4047 nec
1348 3983 1578 4046 contra
1639 3980 2108 4044 conscientiam
2176 3999 2364 4043 suam
2428 3978 2707 4063 alicujus
2770 4000 2941 4043 mor-

501 4110 613 4160 The
636 4108 818 4161 earlof
837 4088 1078 4153 talium
1123 4083 1398 4151 consilio
1453 4082 1847 4167 adquiescet.
1942 4081 2273 4147 Comitem
2334 4081 2691 4167 Hugonem
2751 4080 2941 4145 vobis

497 4178 548 4228 N
551 4177 736 4227 orfolk.

835 4189 1022 4255 nulla
1068 4186 1322 4253 ratione
1369 4184 1525 4249 licet
1569 4183 1925 4261 absolvere,
1975 4183 2135 4267 quia
2177 4182 2350 4247 nihil
2397 4182 2459 4247 ei
2528 4204 2680 4249 cum
2744 4204 2945 4247 causa

835 4294 982 4357 ista.
1073 4290 1183 4354 Ad
1243 4288 1386 4353 haec
1449 4289 1680 4351 cavete
1748 4307 1833 4349 ne
1909 4306 2027 4349 vos
2103 4284 2535 4349 dilationibus
2597 4284 2945 4369 protrahat

835 4395 1014 4459 ultra
1077 4390 1464 4456 mandatum
1533 4386 1785 4451 domini
1852 4407 2059 4472 papae,
2120 4385 2276 4471 quia
2340 4386 2543 4451 nullae
2608 4391 2770 4450 sunt
2832 4385 2945 4450 hic

835 4500 1056 4582 partes
1100 4496 1357 4557 vestrae.
1451 4488 1620 4555 Cum
1675 4485 1868 4551 vobis
1926 4485 2129 4551 fuerit
2196 4486 2783 4565 transfretandum,
2830 4486 2943 4549 lit-

1723 4713 1738 4745 ¹
1774 4728 1915 4773 suas,
1938 4726 2036 4762 om.
2061 4713 2121 4763 L.
