3634 5800
692 916 823 969 ΔΛ).
859 904 1081 989 1171.]
1578 920 1936 971 EPISTOLAE.
2660 910 2790 976 453

689 1116 725 1143 “
768 1109 1084 1190 reddite,'’
1131 1116 1201 1177 et
1244 1112 1537 1192 iterum3
1585 1118 1622 1146 “
1641 1110 1970 1197 Displicet
2016 1111 2158 1178 Deo
2221 1112 2433 1178 stulta
2501 1117 2569 1178 et
2637 1112 2788 1177 infi-

691 1218 723 1246 “
770 1211 937 1277 delis
981 1213 1380 1299 promissi0.”
1503 1212 1743 1279 Statue
1788 1219 2022 1279 contra
2095 1220 2162 1279 te
2239 1236 2351 1280 cor
2425 1220 2639 1291 tuum,
2715 1219 2785 1279 et

689 1335 907 1398 quaere
938 1315 1023 1379 ab
1056 1337 1132 1380 eo
1163 1315 1491 1401 quomodo
1521 1321 1590 1381 et
1621 1316 1886 1401 quando
1917 1322 2150 1381 votum
2183 1316 2551 1382 reddidisti.
2646 1317 2786 1383 Sic-

686 1415 833 1482 cine
895 1416 1234 1501 justitiam
1303 1418 1601 1495 servasti,
1648 1418 1785 1483 tuis
1853 1438 1988 1482 non
2052 1418 2444 1483 reddendo?
2533 1418 2788 1484 Dicunt

684 1517 1083 1583 horrendum
1156 1519 1283 1585 hoc
1352 1525 1421 1584 et
1465 1520 1751 1585 immane
1821 1519 2159 1605 parricidii
2223 1519 2434 1585 scelus
2503 1525 2569 1585 te
2638 1542 2785 1606 per-

685 1623 991 1704 petrasse.
1085 1620 1242 1698 Nos,
1311 1620 1467 1686 licet
1523 1621 1732 1697 inscii,
1768 1621 2048 1704 jamjam
2095 1642 2294 1707 super
2339 1626 2408 1685 te
2470 1619 2786 1699 dolemuS,

685 1721 1187 1788 reformidantes
1232 1722 1408 1807 quod
1438 1743 1781 1807 nunquam
1812 1722 1975 1787 scire
2023 1721 2358 1787 vellemus,
2441 1722 2787 1801 Quomodo

684 1823 1107 1889 obscuratum
1152 1830 1253 1889 est
1299 1831 1434 1889 tuae
1480 1826 1780 1891 caritatis
1827 1846 2064 1888 aurum
2115 1824 2425 1900 obrisum,
2481 1830 2783 1891 mutatus

686 1932 787 1991 est
832 1926 1007 1991 color
1052 1927 1381 2012 optimus!
1457 1926 1781 1993 Ecclesias
1849 1932 2112 1992 nostras
2158 1932 2504 1992 exstruere
2553 1933 2623 1992 et
2668 1928 2785 1994 do-

685 2033 827 2092 tare
890 2028 1207 2107 curabas3
1273 2029 1599 2114 quomodo
1645 2030 1932 2095 ecclesiae
1981 2034 2309 2113 pastorem
2355 2030 2784 2116 percutiendo

683 2128 1051 2214 dispersisti
1081 2152 1235 2196 oves
1266 2132 1483 2217 gregis
1528 2129 1853 2207 catholici,
1900 2135 1970 2195 et
2018 2130 2223 2215 (quod
2270 2130 2456 2196 dictu
2501 2131 2784 2196 incredi-

684 2231 863 2315 bile),
910 2234 1300 2299 mactando!
1382 2232 1970 2318 Peripateticorum
2023 2234 2338 2317 princeps,
2386 2232 2460 2296 in
2507 2232 2784 2309 Ethici8‚

682 2356 867 2421 reges
913 2340 1109 2401 vocat
1170 2335 1379 2421 legem
1456 2334 1698 2399 vivam.
1791 2333 2006 2399 Credo
2071 2334 2356 2398 eundem
2421 2335 2516 2400 sic
2555 2334 2785 2400 'fuisse

684 2437 979 2504 locutum
1043 2459 1161 2525 pro
1230 2459 1307 2502 eo
1370 2436 1547 2522 quod
1592 2458 1779 2521 reges
1839 2434 2099 2501 soleant
2172 2435 2592 2500 subditorum
2637 2459 2784 2502 suo-

684 2562 833 2604 rum
914 2541 1119 2605 vitam
1183 2560 1548 2625 procurare.
1666 2537 1842 2603 Sane
1911 2538 2006 2602 sic
2073 2544 2140 2601 te
2210 2557 2350 2602 non
2413 2537 2785 2621 salutasset,

682 2643 799 2707 sed
844 2641 969 2707 sub
1012 2642 1279 2706 nomine
1342 2640 1505 2727 legis
1573 2646 1874 2716 mortuae,
1942 2639 2058 2724 qui
2127 2643 2278 2704 tuos
2350 2640 2784 2707 mortificasti.

686 2743 897 2808 Filius
956 2744 1259 2829 gentium
1328 2764 1505 2827 quae,
1558 2742 1871 2827 ignorant
1940 2740 2160 2805 Deum
2223 2740 2521 2805 fraterna
2607 2742 2786 2807 caede

682 2846 965 2912 foedavit
1006 2844 1235 2911 Romae
1298 2842 1753 2909 fundamenta.
1847 2842 2072 2916 Absit,
2111 2846 2337 2908 autem
2385 2840 2784 2909 Christianae

683 2949 989 3014 veritatis
1032 2947 1169 3012 filio
1216 2951 1285 3012 et
1330 2947 1671 3011 domorum
1704 2950 2080 3010 nostrarum
2126 2944 2484 3030 protectori
2529 2949 2786 3011 nostro-

683 3073 831 3116 rum
877 3049 1463 3114 fundamentorum
1510 3051 1905 3114 caementum
1951 3052 2228 3133 paterno
2261 3046 2510 3112 diluere
2541 3069 2788 3114 cruore.

686 3153 815 3218 Odi
865 3158 935 3216 et
980 3172 1281 3217 exsecror
1334 3171 1571 3214 manus
1634 3149 1964 3214 violentas
2029 3148 2179 3234 plus
2250 3170 2450 3234 quam
2522 3149 2785 3233 pilosas.

683 3253 1201 3321 Prudentissime
1257 3251 1561 3337 quamvis
1607 3251 1912 3316 ethnicus
1979 3271 2096 3315 rex
2145 3249 2524 3336 Antigonus
2585 3251 2786 3317 male—

683 3358 861 3423 dixit
935 3355 1265 3421 adulatori
1340 3376 1477 3431 su0,
1540 3353 1670 3417 sibi
1746 3353 2058 3418 suadenti
2125 3372 2244 3437 per
2307 3351 2407 3416 fas
2476 3357 2545 3416 et
2601 3351 2786 3417 nefas

681 3481 875 3546 agere
922 3480 1073 3524 suos
1120 3458 1297 3522 inter
1342 3455 1641 3520 subditos
1686 3461 1756 3520 et
1831 3454 2215 3541 regnicolas.
2328 3461 2363 3487 “
2382 3451 2638 3531 Absit?
2684 3455 2787 3519 in-

681 3562 849 3648 quit,
893 3561 1073 3626 “hoc
1125 3582 1166 3625 a
1214 3582 1319 3624 me
1344 3585 1361 3639 ;
1406 3565 1846 3645 tyrannorum
1897 3563 1998 3623 est
2033 3557 2128 3623 sic
2156 3556 2526 3642 procedere,
2556 3579 2785 3644 regum

682 3673 717 3700 “
761 3685 919 3730 vero
950 3662 1305 3728 secundum
1352 3661 1529 3747 leges
1574 3666 1645 3725 et
1690 3660 2008 3726 instituta
2035 3658 2352 3744 imperii.’'
2419 3658 2476 3724 Ο
2511 3658 2786 3745 dignum

682 3767 915 3853 optimi
992 3764 1163 3853 regis
1240 3764 1614 3849 eloquium!
1708 3763 2086 3828 Graecorum
2163 3761 2492 3846 sapientes
2565 3784 2786 3849 regem

681 3872 1089 3934 vocaverunt
1171 3863 1441 3941 basilea,
1516 3864 1693 3949 quod
1776 3864 2238 3950 experirentur
2307 3884 2458 3928 eum
2541 3862 2788 3950 populi

678 3968 899 4036 basim
928 3975 997 4034 et
1024 3968 1529 4033 fundamentum
1572 3965 1850 4031 firmum.
1943 3964 2042 4027 Tu
2075 3969 2296 4029 autem
2330 3963 2524 4049 quale
2567 3965 2786 4030 firma-

680 4076 979 4138 mentum
1072 4068 1302 4155 populi
1367 4067 1828 4153 judicaberis?
1951 4065 2207 4131 Siccine
2271 4065 2449 4151 regio
2525 4065 2786 4152 fulgens

679 4173 1052 4240 diademate
1112 4175 1305 4234 tuum
1352 4173 1682 4234 sustentas
1751 4173 1821 4232 et
1884 4172 2111 4254 portas
2174 4165 2512 4252 populum,
2557 4168 2785 4252 populi

676 4277 781 4343 tui
829 4281 1155 4357 tuumque
1198 4276 1455 4355 patrem
1530 4269 1942 4354 spiritualem
2019 4290 2054 4332 e
2133 4268 2353 4332 medio
2429 4267 2771 4335 tollendo?

678 4380 920 4446 Merito
965 4373 1301 4440 vocaberis
1368 4392 1753 4438 concussum
1823 4370 2054 4457 populi
2117 4369 2647 4450 fundamentum,
2713 4378 2783 4437 et

668 4485 811 4571 jam
901 4477 1113 4542 ruinae
1189 4473 1581 4562 proximum.
1721 4471 1954 4538 Caecus
2013 4469 2126 4535 ille
2173 4470 2547 4536 Graecorum
2593 4478 2782 4539 vates

674 4603 861 4670 reges
906 4577 1335 4664 nuncupabat
1371 4579 1682 4661 pastores
1776 4571 1880 4637 At
1925 4573 2076 4658 quis
2120 4573 2372 4638 nesciat
2401 4575 2576 4659 quod
2623 4575 2781 4640 boni

678 4683 960 4775 pastoris
990 4685 1092 4746 est
1120 4678 1394 4744 tondere
1440 4697 1613 4754 ovea,
1645 4697 1779 4741 non
1810 4674 2166 4762 deglubare
2194 4679 2218 4739 ’.ἱ
2263 4675 2359 4739 At
2389 4679 2468 4739 tu
2495 4677 2780 4754 traxisti,

677 4787 1045 4881 possedisti,
1073 4785 1387 4853 occidisti.
1452 4782 1617 4862 Quis
1648 4782 1878 4848 videat
1924 4781 2073 4867 quis
2103 4781 2334 4847 audian
2363 4783 2622 4848 tantam
2651 4783 2779 4848 ini-

3615 1734 3617 1755 —
3613 1648 3615 1687 -.,
3613 1612 3615 1621 ,
3610 1476 3615 1595 Ᾰ,-.-Ᾰ
3610 1434 3613 1457 -
3602 1232 3613 1413 -Ᾱ-μῌῌμι
