3634 5800
533 908 664 959 Am.
700 886 921 972 11'73.]
1398 900 1753 950 musmonffl.
2511 886 2639 951 553

626 1085 1003 1173 Inspirante
1035 1084 1161 1151 Illo
1191 1105 1233 1152 a
1262 1105 1393 1172 quo
1434 1085 1611 1151 bona
1637 1087 1878 1151 cuneta
1920 1084 2302 1171 procedunt,
2331 1083 2644 1151 inductus
2667 1091 2928 1158 Direeting

536 1193 639 1254 est
682 1187 991 1254 dominus
1050 1207 1172 1252 rex
1232 1191 1313 1252 ut
1357 1187 1645 1253 ecclesiae
1696 1191 1938 1252 vestrae
1999 1186 2358 1253 seeundum
2425 1185 2643 1252 Deum
2668 1161 2906 1278 ἓξῃθὲῗ·

537 1289 833 1356 celeriter
878 1289 1282 1356 ordinentur.
1376 1287 1782 1355 Mandamus'
1816 1289 2043 1374 itaque
2073 1289 2263 1354 vobis
2308 1293 2405 1366 ut,
2437 1309 2644 1354 remo·
2668 1294 2878 1358 bishops
2901 1293 2983 1342 for

538 1393 629 1458 tis
658 1391 1193 1458 contentionibus
1224 1397 1295 1457 et
1324 1391 1603 1456 diversis
1644 1392 1938 1478 partium
1975 1389 2234 1467 studiis,
2263 1411 2412 1457 eum
2443 1390 2645 1456 bona·
2670 1361 2961 1478 mugen-raom

538 1515 689 1559 rum
734 1499 823 1560 et·
862 1492 1318 1580 religiosarum
1376 1493 1652 1560 consilio
1714 1513 2163 1579 personarum,
2209 1494 2292 1558 de
2351 1493 2647 1581 personis

541 1619 687 1684 quse
718 1618 759 1662 a
788 1597 988 1663 sacris
1018 1595 1383 1662 canonibus
1417 1595 1801 1662 nullatenus
1847 1599 2265 1681 respuantur,
2295 1595 2644 1663 electiones

538 1698 750 1764 faeere
808 1696 1176 1773 maturetiS,
1222 1701 1292 1761 et
1344 1696 1573 1763 taliter
1618 1696 1693 1762 in
1752 1702 1896 1762 tam
1954 1696 2320 1762 necessario
2379 1697 2648 1784 negotio

541 1799 927 1887 procedatiS‚
976 1803 1057 1863 ut
1094 1799 1163 1864 et
1207 1797 1389 1863 Deus
1434 1798 1507 1862 in
1552 1799 1860 1864 omnibus
1905 1798 2283 1878 honoretur,
2328 1803 2400 1864 et
2443 1799 2646 1865 saluti

542 1901 914 1967 animarum
986 1904 1356 1965 vestrarum
1426 1906 1504 1966 ac
1565 1899 1714 1985 paci
1776 1901 1964 1986 regni
2028 1900 2290 1964 utiliter
2340 1898 2648 1966 videatur

541 2025 679 2068 esse
723 2002 1081 2090 provisum.
1192 2000 1333 2065 Nos
1378 2020 1555 2078 sane,
1601 2001 1673 2066 in
1717 2002 2060 2087 procinctu
2105 2001 2362 2067 itineris
2407 2003 2646 2068 consti-

544 2105 697 2183 tuti,
744 2103 933 2170 brevi
978 2102 1223 2189 pagina
1267 2102 1611 2168 caritatem
1653 2106 1942 2168 vestram
1982 2103 2069 2167 ad
2113 2103 2183 2167 id
2230 2104 2407 2188 quod
2451 2123 2648 2190 expe-

543 2207 647 2271 dit
691 2205 1003 2270 duximus
1048 2204 1629 2283 commonendam3
1688 2224 1807 2269 vos
1839 2202 2169 2269 intendite
2213 2209 2307 2281 ut,
2354 2227 2471 2290 per
2515 2207 2648 2292 pri-

542 2312 771 2373 vatam
814 2306 1323 2372 commotionem
1383 2309 1504 2370 aut
1546 2305 1836 2390 gratiam
1867 2304 2166 2392 alicujuS,
2213 2306 2651 2376 ecclesiastica

546 2410 807 2476 utilitas
852 2430 987 2475 non
1030 2408 1271 2475 debeat
1316 2406 1638 2492 impediri.
1762 2459 1769 2465 .

1424 2772 1752 2842 DOGXC.

614 2926 983 2995 Hmnlcus
1028 2926 1435 2994 Auonomm
1481 2942 1622 2992 anx
1666 2941 1767 2991 An
1810 2926 2316 2995 Annnnnmm
2361 2941 2609 2995 PAPAM.

1276 3079 1367 3142 (c.
1391 3082 1522 3137 2983
1556 3076 1621 3129 G.
1643 3077 1757 3129 ποι.
1780 3079 1925 3143 489.)

642 3206 932 3274 Domino
976 3228 1167 3294 papae
1214 3207 1521 3273 dominus
1568 3229 1703 3273 rex·

645 3308 859 3375 Novit
935 3309 1206 3377 eeclesia
1269 3309 1572 3375 Romana
1641 3330 1725 3375 ex
1793 3308 1993 3395 longo
2056 3312 2372 3398 temporis
2439 3316 2660 3381 tractu
2683 3330 2927 3380 Freedom

553 3415 871 3498 quantam
932 3410 1310 3476 libertatem
1374 3414 1813 3476 antecessores
1875 3411 2085 3475 nostri
2153 3413 2324 3480 circa
2389 3413 2662 3481 institu-
2685 3394 2980 3527 ξξζξξζξξζῗ

554 3514 767 3579 tiones
836 3512 1254 3578 ecclesiarum
1324 3511 1725 3592 habuerint3
1772 3533 1973 3599 quam
2042 3535 2182 3593 nos,
2227 3516 2486 3583 intuitu
2531 3504 2659 3585 Dei
2683 3527 2820 3579 rieks

557 3620 625 3680 et
692 3634 958 3700 precum
1027 3619 1402 3680 vestrarum
1466 3614 1874 3694 interventu,
1943 3617 2302 3681 seeundum
2365 3619 2661 3686 admoni-
2685 3596 2917 3662 granted.

557 3718 769 3782 tiones
815 3714 1297 3782 venerabilium
1366 3716 1663 3781 virorum
1708 3716 2030 3803 Al[berti]
2097 3723 2166 3783 et
2209 3718 2658 3811 Th[eodwini]

554 3820 923 3905 legatorum
994 3822 1235 3883 vestrae
1303 3818 1695 3897 sanctitatis,
1755 3818 1840 3883 ad
1905 3818 2288 3905 aequitatem
2335 3825 2666 3892 canonicae

557 3919 1023 3987 moderationis
1099 3918 1627 4005 temperavimus.
1745 3919 2349 4006 Impraesentiarum
2441 3926 2667 4011 itaque

559 4022 835 4087 liberam
904 4019 1293 4087 electionem
1358 4020 1647 4087 ecclesiae
1693 4021 2086 4107 Anglieanae
2147 4025 2520 4109 annuimuS‚
2587 4034 2668 4094 ut

560 4146 709 4211 quae
799 4122 1084 4210 amplius
1176 4144 1377 4209 quam
1466 4123 1789 4189 vellemus
1880 4124 2088 4190 variis
2197 4126 2666 4213 inpedimentis

561 4225 859 4293 desolata
929 4224 1307 4311 pastoribus
1382 4225 1696 4312 elanguit,
1772 4224 2064 4291 uberiori
2131 4228 2348 4313 gratia
2420 4237 2665 4299 nostrae

560 4328 980 4396 liberalitatis
1054 4326 1320 4393 indulta
1382 4326 1689 4393 libertate
1752 4327 2050 4415 respiret.
2143 4328 2386 4397 Delata
2457 4334 2667 4418 igitur

562 4431 649 4497 ad
722 4450 844 4495 nos
919 4428 1237 4495 electione
1315 4428 1747 4495 Badoniensis
1815 4429 2120 4508 eeclesiae,
2185 4436 2664 4505 communicato

564 4532 836 4600 consilio
881 4530 1333 4617 episcoporum
1378 4536 1771 4609 nostrorum,
1816 4535 1888 4599 et
1939 4533 2208 4599 modum
2255 4539 2325 4601 et
2367 4537 2664 4605 ordinem

565 4633 903 4702 electionis
996 4634 1307 4699 canonice
1330 4631 1354 4670 ¹
1430 4634 1813 4720 processisse
1905 4640 2380 4721 cognoscentes,
2475 4638 2666 4709 electi

700 4810 716 4844 ¹
754 4811 1025 4871 canonice,
1059 4808 1148 4861 G:
1194 4810 1330 4871 (The
1364 4810 1482 4861 MS.
1518 4824 1639 4875 may
1659 4811 1721 4861 be
1744 4810 2053 4875 interpreted
2077 4811 2130 4862 in
2154 4806 2317 4865 either
2337 4817 2495 4881 way.)
