3634 5800
651 903 787 958 ΔΑ).
824 886 1043 974 1170]
1525 904 1885 954 EPISTOLAE.
2630 886 2758 955 375

648 1113 797 1156 rum
828 1112 1015 1158 arma
1043 1091 1403 1173 induimur,
1437 1096 1507 1157 et
1535 1090 1931 1177 paternitati
1963 1092 2204 1155 vestrae
2235 1090 2462 1177 aliqua
2491 1092 2764 1156 suadere

647 1198 1001 1260 tentamus,
1086 1193 1421 1281 Rogamus
1487 1193 1697 1280 igitur
1772 1197 1842 1258 et
1921 1189 2280 1257 affectuose
2349 1192 2766 1279 suggerimus

654 1306 981 1381 quatenus
1026 1294 1558 1373 misericordiam,
1604 1316 1740 1360 non
1786 1294 2138 1380 judicium,
2184 1294 2259 1359 in
2303 1316 2412 1361 eos
2459 1296 2572 1381 qui
2617 1316 2766 1382 pec-

652 1404 974 1466 caverunt
1018 1400 1091 1465 in
1135 1398 1325 1465 vobis
1374 1398 1772 1477 exerceatis;
1833 1418 1970 1463 non
2016 1395 2362 1475 ultionem,
2391 1397 2507 1463 sed
2551 1398 2766 1463 veniae

653 1502 922 1582 fontem,
954 1503 1083 1569 reis
1128 1507 1198 1569 et
1241 1501 1769 1588 persecutoribus
1799 1500 2157 1589 aperiatis;
2188 1505 2536 1587 quatenus,
2566 1502 2768 1566 verbo

657 1610 741 1669 et.
770 1625 964 1690 opere
1009 1604 1413 1670 imitatorem
1446 1602 1697 1670 Christi
1745 1624 1866 1668 vos
1910 1602 1986 1667 in
2028 1609 2381 1691 conspectu
2423 1602 2769 1669 hominum

659 1707 1095 1785 ostendentes,
1141 1728 1290 1793 quae
1338 1706 1585 1773 docetis
1653 1704 1896 1782 facere,
1944 1709 2149 1791 prout
2213 1705 2502 1792 expedit,
2549 1710 2772 1770 vestra

659 1806 977 1873 sanctitas
1050 1798 1463 1893 agnoscatur,
1540 1810 1611 1872 et
1685 1826 1822 1871 non
1906 1806 2237 1874 immerito
2304 1806 2390 1871 ab
2466 1806 2771 1872 omnibus

660 1909 1173 1974 commendetur.
1270 1908 1377 1973 Ex
1444 1908 1567 1975 hoc
1636 1908 1813 1973 enim
1880 1913 1948 1973 et
2016 1908 2379 1975 adversarii
2447 1898 2654 1973 vestri
2700 1908 2772 1972 in

658 2010 797 2075 suis
863 2010 1167 2076 cordibus
1231 2010 1734 2087 confundentur,
1783 2015 1854 2075 et
1905 2010 2102 2077 amici
2147 2010 2512 2095 plurimum
2575 2010 2770 2075 vultu

663 2116 733 2177 et
775 2112 997 2178 animo
1041 2112 1521 2199 gloriabuntur.
1612 2112 1768 2177 ‘Nos
1831 2113 2009 2177 enim
2055 2114 2128 2176 in
2174 2112 2278 2177 his
2323 2117 2393 2177 et
2436 2111 2585 2177 aliis
2629 2133 2774 2177 suc·

666 2215 953 2281 cessibus
1016 2214 1279 2294 vestris,
1325 2213 1593 2280 caritati
1659 2219 1900 2279 vestrae
1966 2215 2180 2280 modis
2255 2213 2562 2279 omnibus
2625 2234 2772 2279 con-

664 2317 1045 2403 gaudente&
1108 2323 1247 2383 tam
1294 2322 1372 2381 ut
1439 2316 1799 2403 praeteritae
1869 2316 2229 2402 petitiones
2302 2314 2544 2381 ves'trae
2590 2336 2777 2379 man-

669 2420 988 2485 darentur
1032 2418 1316 2497 effectui‚
1362 2440 1562 2505 quam
1631 2418 1834 2484 etiam
1880 2424 1958 2484 ut
2003 2440 2246 2483 munus
2290 2424 2533 2483 nostrae·
2576 2418 2777 2483 dilec-

670 2522 873 2588 tionis
917 2521 1281 2588 liberalitas
1335 2526 1559 2587 vestra
1598 2520 1978 2606 susciperet,
2025 2525 2371 2607 gratanter
2427 2518 2778 2597 effecimuS,

669 2628 755 2702 et,
802 2645 921 2710 per
964 2622 1202 2689 harum
1247 2623 1543 2700 latorem,
1576 2622 1813 2687 viridis
1859 2622 2094 2688 coloris
2124 2620 2536 2698 examitum‚¹
2583 2642 2779 2707 quem

670 2726 847 2791 inter
920 2724 1086 2791 alios
1189 2726 1331 2812 ipse
1406 2724 1624 2811 elegit,
1697 2722 1890 2789 vobis
1972 2720 2412 2801 mandamus?
2491 2723 2783 2808 reliquos

671 2845 925 2914 pannos
972 2826 1247 2908 sericos3
1308 2830 1378 2891 et
1445 2846 1878 2913 quaecumque
1927 2825 2105 2912 apud
2169 2846 2291 2889 nos
2336 2827 2497 2889 sunt
2542 2828 2783 2888 vestrae

675 2929 1051 3015 prudentiae
1100 2934 1525 3015 exponentes,
1574 2928 1791 3015 parati
1835 2949 2093 3014 semper
2140 2949 2256 3014 pro
2301 2926 2490 2992 vobis
2533 2925 2784 2994 efficere

681 3053 831 3118 quae
880 3036 1117 3098 vestrae
1166 3030 1305 3097 sint
1351 3031 1759 3097 fraternitati
1802 3035 2086 3116 accepta.

1568 3415 1874 3484 DCCIX.

732 3649 735 3652 .
804 3568 1244 3634 ALEXANDER
1297 3583 1475 3634 PAPA
1520 3569 1794 3634 TflonAE
1845 3569 2379 3636 CANTUARIENSI
2427 3583 2674 3634 Anem-

1024 3689 1348 3738 nmscoro
1398 3688 1483 3737 m·
1537 3686 1717 3737 Anus
1768 3687 2110 3736 EPlscoms
2163 3671 2472 3736 ANGLIAE.

922 3821 1017 3884 (A.
1042 3826 1171 3883 3353
1207 3821 1272 3874 Ο.
1295 3820 1349 3872 ii.
1374 3827 1501 3882 2823
1536 3821 1596 3872 Z.
1620 3837 1668 3874 v.
1687 3825 1747 3872 41
1772 3842 1787 3884 ς
1821 3821 1954 3886 Lup.
1971 3837 2019 3871 v·
2045 3826 2106 3872 41
2131 3842 2146 3881 ;
2183 3822 2366 3872 Thom.
2391 3824 2534 3882 229.)

778 3955 1107 4036 Quoniam
1157 3955 1665 4022 enormitatibus
1712 3960 1781 4021 et
1826 3956 2176 4022 sceleribus
2221 3955 2602 4041 iniquorum
2633 3975 2797 4040 pon·
2821 3988 2937 4040 Oet.
2963 3991 3011 4036 ⁸.

688 4057 931 4123 tificali
1006 4059 1435 4138 auctoritate,
1518 4064 1720 4143 prout
1802 4062 2153 4144 oporteret,
2199 4078 2338 4122 non
2415 4055 2796 4129 occurritur,
2821 4054 3036 4117 Penalty
3052 4051 3133 4101 for

2821 4118 3133 4184 celebrating

690 4159 1049 4225 insolentia
1109 4165 1178 4224 et
1240 4160 1641 4245 protervitas
1710 4159 2035 4225 malorum
2109 4158 2408 4244 quotidie
2481 4179 2796 4244 augmen·
2821 4186 2994 4238 divine

692 4267 897 4338 tatur,
932 4262 1132 4326 timor
1179 4261 1307 4327 Dei
1376 4261 1838 4340 contemnitur,
1894 4261 2180 4327 ecclesiis
2225 4264 2294 4342 et
2341 4259 2798 4326 ecclesiasticis
2824 4251 3018 4305 service

2823 4321 2990 4368 where
3011 4316 3115 4367 for-

696 4364 993 4449 personis
1093 4363 1320 4429 debita
1411 4364 1785 4428 reverentia
1877 4369 1947 4428 et
2041 4361 2308 4428 devotio
2414 4361 2795 4448 denegatur.
2822 4386 3028 4437 bidden.

702 4465 877 4546 Quia
948 4487 1106 4531 vero
1180 4465 1389 4530 tantis
1464 4465 1654 4532 malis
1752 4464 2139 4532 sacerdotali
2215 4464 2584 4530 ministerio
2677 4484 2798 4529 nos

710 4571 973 4653 oportet
1018 4587 1368 4646 occurrere,
1416 4573 1501 4646 et,
1547 4589 1631 4634 ne
1676 4587 2078 4635 succrescere
2138 4565 2423 4643 valeant,
2471 4570 2798 4631 attentam

770 4792 785 4825 ¹
822 4793 1136 4854 examictum,
1160 4789 1228 4847 L.
1737 4791 1747 4860 Ι
1865 4791 1888 4826 ⁴²·
1923 4793 2228 4853 mandamus,
2251 4792 2318 4854 A,
2342 4791 2415 4853 Z3
2449 4791 2698 4850 mittimus,
2720 4791 2781 4840 L.
