3634 5800
588 1958 698 2007 The
721 1974 857 2010 mur-

588 2025 693 2075 der.

934 838 1064 902 446
1829 856 2194 906 nrm-oms..
2649 844 2810 929 [an.
2843 842 3036 915 1171.

896 1008 1200 1118 rentem,
1246 1042 1410 1109 adeo
1472 1043 1665 1131 quod,
1730 1041 1788 1107 si
1863 1042 2004 1111 lata
2077 1049 2251 1111 esset
2323 1046 2674 1125 sententia,
2747 1045 3036 1113 relaxari

930 1144 1213 1211 deberet.

1756 1533 2192 1603 DCOXLIII.

1044 1678 1335 1745 Donmo
1379 1695 1573 1746 PAPAE
1618 1680 2036 1748 Smrnfflus
2081 1696 2451 1749 Enseorus
2495 1682 2917 1749 MELDENSIS.

1641 1828 1888 1891 (C.197;
1925 1827 1991 1880 G.
2015 1828 2127 1879 rol.
2150 1830 2294 1891 453.)

1013 1952 1200 2019 Licet
1273 1956 1616 2040 praesentis
1702 1958 1957 2044 negotii
2033 1958 2443 2045 magnitudo,
2518 1962 2710 2043 pater
2783 1963 3026 2035 sancte,

923 2056 1275 2122 verborum
1348 2058 1801 2144 prolixitatem
1867 2058 2128 2147 exigit,1
2201 2065 2428 2125 tamen
2503 2081 2589 2125 ex
2662 2059 3025 2124 multorum

920 2157 1258 2235 relatione,
1302 2164 1373 2224 et
1431 2180 1518 2223 ex
1562 2160 1825 2246 scriptis
1884 2182 2276 2248 magnorum
2338 2161 2633 2227 virorum
2678 2160 3026 2246 quamplu-

920 2258 1095 2322 rium
1154 2260 1241 2324 ad
1308 2281 1428 2325 vos
1487 2262 1724 2339 missis,
1785 2263 2145 2348 pretiosam
2208 2263 2282 2327 in
2339 2267 2692 2349 conspectu
2750 2261 3022 2326 Domini

918 2360 1077 2425 novi
1124 2362 1231 2445 (ut
1272 2362 1631 2447 credimus)
1676 2366 1992 2449 martyris
2023 2364 2497 2451 archiepiscopi
2527 2368 2806 2429 mortem
2835 2367 2974 2428 tam
2991 2362 3018 2401 ⁸

917 2459 1132 2545 plenis
1206 2464 1573 2529 innotuisse
1649 2486 1787 2530 non
1861 2466 2276 2551 ambigimus.
2391 2466 2604 2552 Super
2675 2465 2801 2530 hoc
2870 2465 3015 2550 ipso

916 2564 1119 2629 verbo
1136 2562 1163 2603 ³
1190 2565 1653 2631 abbreviatum
1684 2566 1876 2633 vobis
1909 2568 2222 2632 duximus
2253 2567 2644 2634 faciendum.
2735 2566 3015 2632 Praeter-

916 2664 1258 2730 mittentes
1334 2666 1543 2751 igitur
1595 2666 1679 2731 de
1740 2672 1954 2732 morte
2015 2666 2196 2732 illius
2255 2669 2434 2732 tanti
2509 2668 2641 2731 viri
2715 2667 3014 2733 lacrima-

914 2763 1116 2830 bilem
1183 2768 1647 2845 narrationem,
1715 2768 2004 2853 qualiter
2065 2769 2138 2833 in
2197 2769 2488 2835 crastino
2533 2768 3013 2845 Innocentium,

913 2865 1090 2933 infra
1132 2872 1355 2934 actum
1422 2869 1898 2948 innocentium,
1958 2871 2136 2936 inter
2202 2870 2527 2956 templum
2591 2876 2661 2936 et
2721 2869 2928 2936 altare
2971 2891 3014 2935 a

912 2969 1233 3036 ministris
1310 2970 1381 3034 H
1384 2971 1709 3038 erodianae
1784 2971 2215 3048 crudelitatis,
2291 2992 2376 3036 ex
2438 2976 2766 3058 praecepto
2840 2970 3011 3055 regis

912 3071 1032 3148 sui,
1079 3093 1149 3136 se
1192 3071 1267 3136 in
1310 3073 1632 3158 sanguine
1648 3070 1676 3108 ⁴
1720 3071 1864 3157 ejus
1903 3070 2231 3158 grassari⁵
2281 3092 2498 3136 coram
2543 3072 2724 3136 omni
2767 3070 3009 3157 populo

908 3173 1452 3257 protestantibus,
1520 3173 1609 3239 ad
1669 3171 1841 3238 solas
1901 3193 2144 3258 preces,
2207 3173 2502 3237 maxima
2543 3177 2821 3258 urgente
2893 3193 3006 3236 ne-

572 3283 885 3361 Vengeanoe
908 3275 1232 3353 cessitate,
1290 3275 1755 3342 convertimur.
1849 3274 2157 3340 Vestram
2222 3275 2450 3360 itaque
2509 3273 3006 3360 paternitatem,

572 3354 826 3413 required.

908 3376 1081 3441 sicut
1125 3376 1332 3453 decet,
1396 3377 1599 3444 altius
1656 3381 1928 3442 moveat
1993 3376 2280 3462 sanguis,
2351 3375 2624 3440 alterius
2686 3373 2858 3440 Abel
2915 3374 3004 3439 ab

904 3477 1317 3564 iniquissimo
1363 3479 1553 3545 Caim
1598 3479 1848 3564 injuste
1902 3477 2165 3556 effusus,
2213 3477 2332 3561 qui
2347 3475 2375 3516 ⁶
2419 3476 2503 3541 de
2547 3476 3003 3542 transmarinis

902 3579 1279 3664 regionibus
1342 3580 1429 3645 ad
1502 3600 1623 3645 vos
1684 3578 1969 3644 clamare
2031 3597 2168 3642 non
2230 3581 2456 3643 cessat.
2549 3577 2820 3643 Moveat
2885 3596 3004 3641 vos

902 3682 1105 3747 etiam
1164 3682 1375 3748 totius
1444 3682 1729 3749 ecclesiae
1794 3681 2162 3748 communis
2223 3679 2424 3760 dolor,
2491 3685 2562 3746 et
2619 3680 3001 3766 conquestio

900 3783 1291 3850 miserabilis
1336 3790 1407 3850 et
1451 3783 1817 3870 periculum
1863 3783 2231 3848 imminens.
2323 3781 2595 3848 Moveat
2653 3803 2772 3848 vos
2815 3782 3001 3868 regni

898 3885 1302 3951 Francorum
1378 3887 1601 3952 subita
1675 3885 2107 3972 perturbatiO,
2181 3889 2252 3950 et
2311 3905 2512 3970 super
2573 3883 2715 3950 haec
2778 3883 3000 3948 omnia

898 4007 1085 4052 amor
1149 3987 1279 4051 Dei
1353 3992 1423 4052 et
1494 3985 1675 4051 zelus
1741 3985 2046 4071 justitiae,
2123 4006 2255 4070 quo
2327 3984 2402 4048 in
2473 3989 2666 4050 tanto
2739 3983 2998 4050 sceleris

564 4104 673 4154 'rho
696 4103 852 4158 inter-
896 4094 1161 4154 auctore
1180 4085 1207 4128 '¹
1263 4109 1400 4153 non
1462 4087 1813 4152 minimum
1891 4086 2312 4152 exardescere
2373 4085 2647 4152 debetis.
2739 4083 3000 4153 Vestme

560 4170 681 4222 diet.

895 4190 1105 4276 igitur
1146 4189 1508 4267 sanctitati,
1556 4193 1809 4274 quanto
1869 4208 2219 4274 possumus
2279 4187 2493 4252 cordis
2537 4186 2797 4264 affectu,
2843 4209 2996 4272 sup-

894 4291 1214 4376 plicamus
1261 4295 1340 4354 ut
1384 4288 1786 4354 sententiam
1855 4311 1898 4353 a
1961 4288 2228 4352 domino
2298 4287 2680 4366 Senonensi‚
2724 4287 2997 4353 consilio

963 4517 981 4548 ¹
1016 4516 1190 4579 ariyet,
1213 4516 1275 4567 C.
2063 4513 2085 4544 ⁵
2119 4513 2372 4575 quassari,
2396 4513 2440 4564 C
2455 4533 2471 4573 3
2505 4513 2756 4578 yrassm,
2778 4511 2846 4565 G.

956 4596 980 4629 ²
1000 4597 1115 4660 jam
1132 4593 1329 4658 plenius
1342 4599 1369 4641 5'
2065 4587 2088 4622 ⁶
2117 4606 2230 4654 qne,
2247 4590 2323 4652 03
2357 4593 2462 4654 qui,
2481 4591 2545 4643 G.

956 4675 979 4707 ³
1011 4672 1248 4723 verbum?
2061 4667 2084 4706 7
2117 4675 2368 4718 auctorem
2384 4675 2411 4717 1³

958 4754 980 4786 ⁴
1012 4749 1298 4816 sanquinem
1314 4755 1339 4798 1²
