3634 5800
506 1752 718 1800 Astoa

507 1819 755 1881 proposed

504 1883 748 1949 meeting.

495 4008 552 4057 P.
577 4011 693 4059 227.

853 841 984 906 224·
1071 921 1082 928 ι
1279 829 1300 842 “
1731 861 2091 911 Er1sroLAE.
2572 845 2731 932 [Am.
2768 847 2961 920 1170,

1651 1213 2129 1284 DCXXXVII.

918 1363 1210 1430 'Paomis
1255 1361 1829 1432 cinnamum
1872 1379 2458 1434 Ancmnrlscorus
2504 1363 2864 1428 Fnoenmo

1557 1467 1887 1536 Smmum
1935 1485 2277 1534 nmseoro.

1067 1620 1168 1682 (A.
1195 1624 1325 1683 2293
1362 1619 1425 1672 O.
1449 1619 1500 1671 ii.
1527 1624 1654 1682 2383
1693 1621 1752 1670 Z.
1776 1619 1847 1670 iii.
1876 1623 1968 1692 143
2004 1620 2139 1684 Lup.
2163 1618 2235 1672 iii.
2265 1623 2361 1680 143
2397 1619 2581 1670 Thom.
2613 1621 2753 1682 145.)

932 1752 1196 1820 Gratias
1243 1773 1406 1839 quas
1451 1773 1574 1838 pro
1615 1757 1915 1840 tempore
1984 1752 2145 1818 licet
2206 1751 2551 1822 referimus
2612 1749 2955 1816 dilectioni

841 1859 1096 1935 vestrae,
1129 1877 1278 1941 quae
1306 1856 1519 1922 nostri
1562 1856 1737 1942 gerit
1779 1854 2313 1932 sollicitudinem,
2344 1859 2414 1922 et
2442 1852 2909 1923 cantuariensi
2928 1851 2951 1890 ¹

841 1957 1144 2036 ecciesiae,
1188 1979 1230 2024 a
1273 1958 1459 2043 eujus
1507 1957 1820 2024 uberibus
1864 1956 2251 2036 coaluimus,
2296 1954 2650 2024 officiosam
2712 1975 2949 2040 repen-

841 2059 942 2125 dit
1009 2060 1366 2126 caritatem.
1489 2060 1770 2126 Utinam
1834 2059 1953 2128 illa
2014 2056 2457 2146 quandoque?
2522 2057 2669 2126 Deo
2732 2057 2951 2144 propi-z

840 2163 1070 2240 fiante,
1117 2164 1341 2249 possit,
1386 2168 1456 2230 et
1500 2185 1620 2228 nos
1683 2183 1800 2248 per
1866 2160 2073 2239 illam,
2118 2166 2415 2230 vestrum
2480 2159 2951 2228 candelabrum

839 2285 1238 2350 promovere,
1299 2271 1370 2339 et
1426 2264 1641 2336 vicem
1717 2264 2114 2350 condignam
2191 2264 2465 2332 reddere
2540 2261 2951 2332 miserationi

841 2390 1038 2454 quem
1084 2391 1234 2436 cum
1279 2368 1507 2455 paucis
1567 2366 1793 2434 electis
1854 2388 1974 2453 pro
2018 2367 2307 2434 Domino
2350 2365 2543 2432 nobis
2588 2371 2661 2432 et
2704 2364 2951 2432 nostris

839 2471 1170 2538 exhibetis
1237 2471 1516 2544 afflictis.
1641 2470 1732 2536 Et
1807 2469 2081 2556 quidem
2159 2470 2243 2536 de
2316 2467 2535 2556 gratia.
2610 2467 2738 2534 Dei
2812 2487 2949 2532 non

839 2573 1217 2652 diffidimus,
1261 2595 1409 2660 quae
1454 2593 1712 2658 semper
1758 2571 2313 2640 cantuariensem
2381 2571 2685 2658 protexit
2750 2569 2945 2638 ecele-

836 2676 1020 2754 siam,
1053 2683 1123 2742 et
1168 2681 1304 2742 tam
1349 2676 1634 2746 cultores
1676 2695 1877 2762 quam
1924 2678 2372 2762 persecutores
2416 2675 2559 2761 eius
2604 2672 2952 2743 consuevit

837 2779 1034 2846 beare
1077 2778 1186 2844 vel
1231 2778 1470 2864 punire
1513 2799 1634 2864 pro
1679 2777 1935 2846 merito.
2027 2777 2205 2846 Nam
2248 2777 2407 2844 lieet
2452 2777 2759 2844 Christus
2803 2776 2946 2863 ejus

837 2881 930 2947 sit
987 2881 1314 2968 benignus
1374 2886 1446 2947 et
1503 2879 1780 2967 patiens,
1850 2884 2077 2949 tomen
2140 2879 2333 2947 fortis
2406 2884 2477 2949 et
2540 2878 2769 2966 justus
2828 2883 2897 2945 et
2919 2875 2946 2919 ³

835 2989 1010 3051 certe
1057 2984 1352 3053 redditor
1395 2988 1516 3079 est.
1633 2982 1724 3049 Et
1767 3004 1920 3049 cum
1964 2982 2157 3049 vobis
2200 2982 2275 3047 in
2321 2982 2553 3049 multis
2598 2986 2945 3049 teneamur

835 3086 1125 3166 obnoxii,
1194 3086 1268 3151 in
1342 3107 1420 3152 eo
1489 3085 1782 3153 maxime
1858 3106 1979 3149 nos
2041 3084 2417 3151 emeruistis
2479 3085 2657 3169 quod
2722 3089 2945 3151 vestro

835 3194 944 3273 (ut
989 3187 1374 3273 scripsistis)
1419 3187 1808 3255 interventu
1876 3186 2207 3251 Dominus
2249 3208 2369 3251 rex
2416 3185 2943 3272 indignationem

834 3312 1022 3355 susm
1095 3289 1286 3355 nobis
1347 3288 1606 3355 remisit
1668 3310 1753 3355 ex
1828 3288 2068 3355 animo,
2189 3287 2293 3353 De
2357 3288 2501 3373 ejus
2544 3309 2807 3375 quoque
2872 3294 2945 3355 et

833 3392 1212 3479 sapientum
1258 3391 1374 3477 qui
1421 3390 1596 3459 eirea.
1658 3411 1807 3455 eum
1878 3394 2040 3455 sunt
2100 3389 2459 3475 prudentia
2520 3389 2939 3465 confidentes,

834 3494 1294 3562 indubitanter
1337 3513 1676 3579 speramus
1718 3492 1897 3577 quod
1942 3496 2171 3559 contra
2202 3496 2483 3559 matrem
2529 3514 2719 3559 suam
2766 3491 2935 3557 Oan-

833 3598 1232 3664 tuariensem
1325 3596 1680 3671 ecelesiam,
1757 3616 1909 3680 quae
1997 3594 2217 3681 ipsum
2306 3600 2379 3659 et
2456 3600 2896 3661 antecessores
2914 3593 2943 3633 4

831 3722 983 3767 suos
1029 3698 1376 3785 promovit,
1424 3696 1596 3761 nihil
1640 3696 1841 3763 faciet
1888 3700 2123 3761 contra
2164 3695 2445 3760 salutem
2496 3697 2737 3761 enimse
2781 3718 2936 3775 suae,

833 3810 902 3868 et
975 3803 1049 3866 in
1123 3800 1482 3888 perniciem
1557 3798 1702 3877 filii,
1777 3819 1974 3885 quem
2067 3796 2397 3863 Dominus
2472 3798 2558 3863 ab
2632 3798 2937 3863 omnibus

831 3910 1100 3970 tueatur
1169 3904 1478 3969 adversis,
1583 3899 1956 3986 Scripsistis
2018 3905 2247 3965 autem
2316 3921 2532 3985 nuper
2598 3906 2677 3965 ut
2745 3900 2939 3967 vobis

831 4020 899 4073 et
967 4007 1236 4071 domino
1299 4003 1577 4092 Tyrensi
1601 4002 1626 4041 ⁵
1689 4001 2125 4067 redeuntibus
2199 4024 2241 4071 a
2299 4023 2452 4087 rege
2531 4002 2935 4073 Francorum

827 4110 1118 4175 Parisius
1165 4126 1693 4184 occurreremus;
1752 4108 1823 4169 et
1868 4104 2024 4169 lieet
2088 4104 2264 4167 diem
2309 4124 2448 4167 non
2494 4104 2931 4189 praefixeritis,

826 4217 907 4277 ut
981 4211 1294 4297 oportuit,
1359 4230 1480 4275 nos
1555 4212 1781 4271 tamen
1850 4206 2067 4292 parati
2132 4227 2391 4270 eramus
2453 4206 2583 4271 iter
2648 4208 2936 4293 arripere

827 4314 1092 4401 quando
1136 4333 1255 4379 vos
1298 4308 1678 4379 audivimus
1713 4308 1859 4394 jam
1882 4304 1909 4347 ⁶
1954 4306 2028 4371 in
2096 4306 2163 4371 N
2168 4308 2582 4374 ormanniam
2644 4309 2933 4377 rediisse.

892 4544 906 4576 ¹
952 4540 1357 4601 Cantauriensis‚
1393 4540 1452 4591 1..
1539 4536 1682 4601 (The
1727 4545 1828 4594 ter·
1996 4536 2019 4569 ³
2053 4542 2120 4598 et,
2144 4550 2244 4587 om.
2268 4538 2331 4590 L.

822 4621 1070 4674 mination
1093 4621 1138 4671 is
1161 4619 1450 4673 contracted
1471 4616 1525 4667 in
1549 4616 1736 4680 MSS.)
1997 4615 2018 4647 ⁴
2053 4622 2405 4677 antesescores,
2427 4614 2496 4667 V.

887 4703 910 4735 ⁹
944 4704 1012 4752 So
1035 4701 1118 4762 A;
1143 4715 1236 4764 que
1252 4698 1438 4763 possit,
1457 4711 1558 4748 om.
1583 4696 1664 4757 V;
1695 4694 1831 4755 Deo,
1997 4694 2019 4727 ⁵
2062 4694 2291 4758 Cyrensi,
2313 4695 2375 4744 L.
2402 4730 2411 4743 .

822 4799 921 4834 om.
947 4782 1012 4833 Ο.
1998 4772 2021 4805 ⁶
2040 4774 2173 4837 jam,
2196 4787 2297 4823 om.
2320 4772 2381 4823 1..
