3634 5800
846 832 973 896 330
1720 845 2076 893 EPISTOLAE.
2561 828 2721 911 [Am.
2759 827 2952 904 1170,

841 1036 875 1063 “
920 1031 1228 1117 collapso,
1291 1031 1481 1098 bonae
1554 1030 1886 1096 memoriae
1950 1029 2376 1095 Theobaldus
2448 1027 2950 1096 cantuariensis

839 1139 878 1169 “
921 1133 1461 1220 archiepiscopus,
1507 1133 1623 1219 qui
1667 1153 1787 1218 pro
1850 1135 2072 1197 vestra
2119 1131 2552 1217 promotione,
2613 1153 2766 1198 cum
2812 1131 2951 1196 suis

840 1241 875 1268 “
920 1235 1243 1312 omnibus,
1305 1235 1559 1301 labores
1620 1235 2022 1311 innumeros,
2068 1233 2316 1300 damna
2359 1232 2833 1318 irreparabilia,
2879 1238 2952 1299 et

841 1343 873 1369 “
918 1337 1211 1422 pericula
1250 1336 1536 1423 plurima
1582 1339 1948 1401 memoratu
1994 1342 2064 1400 et
2126 1335 2344 1401 relatu
2393 1334 2740 1413 horrenda,
2805 1355 2949 1400 sus-

838 1444 873 1470 “
920 1437 1144 1515 tinuit,
1164 1438 1189 1476 ¹
1238 1459 1538 1524 regnum,
1585 1437 1763 1522 quod
1804 1437 1880 1500 in
1925 1435 2126 1502 aliam
2199 1435 2522 1502 familiam
2557 1437 2704 1522 jam
2731 1441 2952 1502 trans-

838 1545 874 1571 “
918 1538 1101 1616 ierat,
1148 1539 1261 1603 avi
1280 1537 1306 1576 ²
1367 1537 1573 1604 vestri
1634 1537 1860 1602 liberis
1928 1536 2229 1602 restituit
2252 1560 2269 1615 ;
2289 1533 2316 1574 ³
2365 1557 2485 1602 vos
2559 1537 2836 1602 inunxit
2879 1542 2950 1604 et

840 1645 877 1673 “
921 1639 1261 1705 coronavit
1304 1641 1377 1705 in
1422 1660 1662 1727 regem,
1694 1643 2017 1724 praesente
2064 1639 2195 1703 isto
2229 1637 2632 1706 Eboracensi
2663 1638 2946 1724 Rogerio

840 1748 874 1775 “
918 1740 1035 1826 qui
1078 1763 1254 1808 nunc
1298 1747 1416 1819 est,
1481 1747 1550 1806 et
1593 1741 1705 1829 (ut
1748 1738 1964 1824 scitis)
2007 1761 2129 1806 nec
2177 1745 2580 1825 cooperante
2627 1761 2750 1807 nec
2796 1761 2953 1806 con-

840 1847 877 1875 “
922 1842 1303 1921 tradicente‚
1349 1864 1469 1908 nec
1512 1840 1767 1926 aliquid
1796 1845 2054 1927 agente,
2102 1839 2230 1906 nisi
2285 1861 2362 1906 eo
2408 1841 2606 1907 modo
2653 1863 2783 1927 quo
2829 1839 2955 1906 mi-

839 1949 874 1976 “
919 1942 1140 2007 nimus
1186 1945 1655 2030 episcoporum,
1699 1941 1898 2008 sacris
1961 1941 2240 2006 indutus
2307 1942 2608 2008 vestibus
2675 1942 2951 2008 audiens

842 2050 877 2076 “
922 2043 1241 2109 intererat
1286 2042 1710 2109 solemnitati.

931 2152 965 2178 “
988 2142 1126 2210 Gur
1169 2166 1323 2231 ergo
1369 2149 1557 2210 tanta
1602 2144 1923 2211 facilitate
1969 2145 2213 2223 animi,
2257 2150 2380 2210 aut
2441 2145 2666 2231 potius
2736 2145 2946 2212 consi-

843 2253 875 2280 “
921 2245 1259 2311 liariorum
1305 2252 1675 2312 vestrorum
1718 2246 2082 2333 pravitate,
2113 2250 2400 2312 matrem
2448 2251 2738 2313 vestram
2769 2245 2947 2313 Oan-

844 2354 876 2380 “
924 2347 1322 2413 tuariensem
1396 2348 1751 2424 ecclesiam,
1831 2347 1972 2412 sine
2045 2368 2264 2414 causae
2340 2347 2734 2440 cognitione,
2797 2349 2954 2433 jure

845 2456 881 2483 “
925 2449 1201 2536 antiquo
1244 2451 1590 2536 spoliastiS,
1638 2448 1814 2536 quod
1881 2449 2234 2536 plusquam
2303 2449 2669 2536 nonaginta
2686 2450 2714 2488 ⁴
2753 2449 2950 2514 annis

846 2559 879 2584 “
924 2549 1303 2618 inconcusse
1346 2552 1706 2637 possedisse
1768 2551 2238 2638 dignoscitur?
2331 2551 2655 2637 Nunquid
2722 2571 2948 2637 perpe-

846 2658 881 2684 “
925 2656 1113 2718 tuare
1161 2652 1461 2718 voluistis
1505 2652 1892 2718 inimicitias
1944 2653 2120 2717 inter
2169 2651 2515 2718 ecclesiam
2577 2658 2646 2718 et
2711 2652 2950 2718 liberos

849 2761 883 2786 “
930 2758 1232 2820 vestros?
1320 2755 1465 2820 Aut
1506 2755 1565 2819 si
1614 2759 1884 2819 tantum
1947 2753 2486 2840 praesumptionis
2557 2753 2952 2820 Eboracensi

846 2861 881 2888 “
928 2855 1409 2942 archiepiscopo
1453 2855 1670 2922 fuerat
1713 2854 2226 2942 indulgendum,
2274 2860 2354 2921 ut
2397 2876 2572 2923 novo
2615 2854 2756 2943 regi
2809 2876 2956 2921 mu-

850 2963 882 2989 “
930 2977 1056 3021 nus
1098 2958 1604 3023 consecrationis
1649 2956 2078 3042 impenderet,
2133 2977 2249 3022 cur
2311 2956 2722 3042 provinciam
2767 2976 2954 3021 suam

850 3062 888 3091 “
932 3059 1253 3124 excedens
1316 3060 1568 3123 invasit
1626 3062 1974 3123 nostram?
2087 3056 2226 3123 Cur
2289 3064 2430 3122 tam
2491 3057 2710 3144 ipsum
2755 3078 2956 3143 quam

849 3164 882 3191 “
926 3159 1369 3246 suffraganeos
1435 3166 1694 3226 nostros
1755 3160 1831 3225 in
1893 3160 2142 3226 crimen
2211 3158 2678 3225 inobedientiae
2742 3160 2961 3245 impu-

848 3268 883 3293 “
928 3259 1145 3327 listis?
1236 3263 1644 3349 Receperant
1686 3263 1866 3327 enim
1930 3261 2397 3326 inhibitionem
2444 3262 2695 3327 domini
2739 3283 2954 3347 papae,

848 3368 883 3395 “
927 3383 1012 3426 ne
1055 3362 1179 3428 hoc
1224 3364 1297 3428 in
1348 3363 1651 3429 absentia
1712 3367 1940 3428 nostra
2001 3362 2224 3448 aliquo
2253 3362 2277 3401 ⁵
2346 3363 2539 3427 modo
2603 3384 2956 3448 praesume-

852 3470 885 3495 “
930 3470 1096 3531 rent.
1186 3464 1489 3551 Denique
1556 3466 1615 3529 si
1676 3463 2230 3529 substitutionem
2302 3463 2428 3527 filii
2489 3468 2560 3529 et
2621 3483 2954 3529 consecra-

847 3571 882 3597 “
926 3565 1175 3631 tionem
1239 3566 1689 3652 properabatis
1753 3566 2032 3651 impleri,
2101 3587 2222 3631 cur
2285 3586 2414 3642 coe,
2465 3586 2630 3649 quos
2697 3565 2783 3631 ab
2846 3585 2956 3630 ore

852 3673 884 3698 “
929 3668 1170 3731 summi
1236 3667 1568 3753 pontificis
1636 3668 2033 3731 nominatim
2077 3674 2147 3733 et
2191 3689 2233 3732 a
2277 3667 2468 3732 nobis
2504 3667 2955 3733 excommuni-

854 3775 889 3801 “
936 3772 1113 3833 catos
1158 3790 1295 3834 esse
1340 3768 1705 3848 constabat,
1752 3791 1793 3834 a
1836 3769 2012 3833 tanti
2081 3768 2477 3833 sacramenti
2537 3768 2954 3833 solemnitate

853 3876 887 3902 ‘⁴
934 3890 1069 3934 non
1128 3870 1403 3936 curastis
1468 3870 1867 3937 excludere?
1957 3870 2286 3955 Nunquid
2355 3869 2752 3935 consecratio
2815 3870 2958 3933 sine

852 3978 884 4004 “
932 3971 1279 4058 participio
1324 3972 1789 4037 exsecrationis
1835 3992 1972 4036 non
2017 3970 2386 4036 videbatur
2429 3970 2819 4055 implenda?
2845 3970 2877 3994 ''

939 4071 1067 4137 His
1110 4078 1179 4138 et
1222 4073 1524 4159 pluribus
1568 4072 1717 4137 aliis
1762 4073 1850 4137 ad
1911 4072 2094 4137 hunc
2141 4072 2497 4137 articulum
2559 4072 2954 4157 pertinenti·

855 4173 1001 4253 bus,
1046 4196 1195 4259 quae
1240 4173 1605 4260 epistolaris
1627 4172 1654 4211 ⁶
1699 4174 1994 4239 brevitas
2041 4195 2173 4238 non
2237 4173 2558 4248 admittit,
2606 4173 2956 4259 diligenter

915 4399 931 4431 ¹
956 4382 1031 4460 et,
1054 4399 1149 4450 ins.
1174 4399 1234 4450 L.
1949 4416 1984 4446 x
2021 4397 2307 4459 interlined,
2345 4398 2425 4460 03
2467 4401 2737 4463 octoqinta,
2773 4399 2844 4459 Z;
2878 4415 2960 4449 oc-

912 4502 935 4535 ⁹
970 4503 1038 4553 αὖ
1062 4507 1165 4565 “²³²3
1188 4506 1248 4555 L·
1952 4476 2338 4618 mffiffg’zssm,
2363 4556 2432 4605 v.

912 4607 935 4641 ⁸
968 4610 1212 4671 restituit,
1234 4624 1335 4659 om.
1358 4610 1418 4658 L.
2017 4632 2038 4665 ⁶
2071 4632 2377 4697 φίποιαής,
2416 4634 2485 4695 A,
2525 4635 2590 4695 0,
2625 4634 2697 4695 V,
2732 4635 2804 4693 Z;
2841 4640 2962 4683 tem·

914 4716 936 4746 ⁴
967 4713 1146 4775 lxxxx,
1168 4716 1247 4774 A;
1285 4713 1425 4776 lxxx,
1443 4714 1565 4765 with
1601 4730 1634 4764 a
1674 4714 1846 4764 fourth
1944 4713 2105 4777 poda,
2129 4710 2196 4761 L.
