3634 5800
643 907 772 960 ω).
812 895 1033 980 1170]
1522 909 1883 960 EPISTOLAE.
2629 897 2756 960 255

648 1094 755 1170 tis,
818 1115 941 1158 nec
1004 1093 1239 1170 adhuc,
1304 1095 1588 1180 peccatis
1658 1093 1903 1158 nostris
1972 1095 2411 1180 exigentibus,
2457 1095 2761 1160 exauditi

646 1216 873 1259 sumus
918 1195 1007 1259 ad
1051 1195 1331 1260 salutem
1360 1195 1749 1281 Anglicanae
1782 1195 2084 1271 ecclesiae,
2115 1195 2202 1260 ad
2246 1195 2714 1261 relevationem
2743 1199 2758 1235 ¹

648 1296 1083 1382 depressionis
1129 1302 1371 1363 nostrae
1417 1303 1487 1362 et
1528 1301 1922 1374 nostrorum,
1971 1320 2119 1382 quae
2165 1298 2380 1362 indies
2409 1299 2760 1363 adversum

644 1421 766 1465 nos
814 1423 896 1464 ex
942 1401 1269 1486 patientia
1314 1405 1383 1464 et
1426 1401 1920 1486 exspectatione
1969 1407 2192 1467 vestra
2249 1401 2431 1486 (quae
2499 1402 2757 1466 utinam

648 1503 993 1568 delusoriis
1038 1502 1582 1589 promissionibus
1629 1503 1912 1567 ulterius
1971 1525 2107 1567 non
2159 1503 2458 1586 fallatur)
2505 1526 2763 1570 exerce-

645 1610 761 1669 tur
805 1605 1032 1670 durior
1076 1610 1144 1670 et
1189 1604 1496 1682 acerbior,
1543 1606 1615 1669 in
1660 1610 1928 1670 tantum
1959 1611 2038 1670 ut
2083 1607 2201 1670 vix
2233 1606 2468 1671 amodo
2513 1607 2761 1692 spirare

646 1705 998 1770 valeamus.
1092 1706 1237 1770 Nec
1282 1710 1382 1770 est
1444 1705 1639 1769 nobis
1682 1706 1858 1770 inter
1905 1710 2161 1771 nostros
2231 1709 2576 1792 quisquam
2647 1709 2762 1793 qui

647 1807 729 1872 de
776 1811 1011 1873 caetero
1055 1806 1225 1871 velit
1294 1827 1362 1871 se
1415 1806 1572 1872 huic
1634 1807 1925 1892 periculo
1995 1829 2378 1894 supponere,
2442 1809 2761 1895 subjicere

648 1913 837 1974 tanto
902 1909 1285 1985 discrimini,
1356 1909 1724 1994 praesertim
1802 1932 1951 1974 cum
2030 1910 2275 1976 multos
2345 1912 2425 1976 de
2490 1912 2622 1977 illis
2689 1913 2763 1976 in

647 2009 847 2095 hujus
890 2011 1142 2097 negotii
1185 2011 1645 2096 prosecutione
1691 2025 1868 2075 m'ors
1900 2033 2127 2078 amara
2172 2013 2760 2098 comprehenderit.

650 2111 984 2176 Mittimus
1052 2111 1395 2176 sanctitati
1472 2115 1713 2176 vestrae
1776 2111 2055 2177 latorem
2134 2115 2579 2199 praesentium,
2646 2118 2762 2201 qui

648 2213 903 2279 intuitu
949 2213 1277 2278 libertatis
1323 2220 1392 2278 et
1436 2213 1576 2278 sola
1619 2213 2020 2306 liberalitate
2065 2237 2186 2280 sua
2231 2217 2519 2302 suscepit
2563 2240 2761 2305 nego-

650 2315 822 2379 tium
884 2321 1186 2380 nostrum
1254 2315 1341 2380 ad
1404 2335 1525 2380 vos
1592 2313 2060 2401 perferendum
2129 2319 2428 2405 benigne,
2500 2322 2763 2386 utinam

648 2415 1009 2482 efficaciter.
1126 2415 1327 2480 Hunc
1372 2415 1661 2503 petimus
1708 2417 1793 2500 (si
1841 2417 2087 2502 placet)
2135 2420 2307 2484 sicut
2372 2421 2762 2487 desideratis

650 2520 735 2583 ab
798 2520 897 2584 Eo
963 2519 1267 2584 exaudiri
1332 2519 1403 2582 in
1466 2519 1705 2582 ultima
1756 2520 2146 2585 necessitate
2193 2527 2415 2586 vestra
2460 2525 2576 2609 qui
2647 2525 2765 2590 dat

650 2621 931 2687 salutem
977 2621 1259 2706 regibuS,
1308 2620 1423 2706 qui
1470 2621 1688 2685 aufert
1718 2620 2028 2707 spiritum
2075 2623 2469 2709 principum,
2517 2626 2573 2690 si
2607 2649 2765 2692 cura

652 2729 752 2788 est
797 2723 986 2788 vobis
1033 2723 1113 2787 de
1160 2722 1306 2788 vita
1349 2728 1577 2788 nostra
1621 2727 1691 2787 et
1734 2723 1966 2801 salute,
2011 2747 2054 2806 a
2082 2726 2496 2812 benignitate
2543 2734 2766 2794 vestra

650 2825 935 2911 benigne
998 2824 1215 2911 recipi,
1290 2828 1359 2889 et
1425 2824 1775 2911 benignius
1837 2826 2140 2890 exaudiri
2185 2849 2380 2914 super
2447 2829 2552 2894 his
2616 2851 2763 2916 quae

654 2927 1065 3013 postulamus
1110 2949 1151 2992 a
1218 2927 1573 2993 serenitate
1641 2933 1864 2993 vestra
1907 2950 2026 3014 per
2088 2931 2324 3015 ipsum,
2371 2932 2485 3017 qui
2551 2933 2762 2999 effecti

655 3050 885 3093 sumus
930 3030 1284 3114 proscripti
1331 3034 1399 3093 et
1464 3029 1709 3106 miseri,
1746 3034 1910 3095 ‘non
1957 3036 2035 3095 ut
2101 3032 2394 3097 securius
2458 3034 2764 3099 vivamus

652 3136 721 3196 ct
768 3132 1057 3216 quietius
1121 3130 1508 3196 declinando
1555 3132 1733 3197 tanti
1796 3136 2232 3217 persecutoris
2295 3135 2765 3221 importunita-

654 3240 809 3311 tem,
857 3234 972 3298 sed
1018 3238 1097 3297 ut
1141 3233 1369 3318 vigeat
1414 3232 1684 3298 ecclesia
1728 3232 1874 3310 Dei,
1936 3240 2004 3297 et
2049 3234 2270 3299 valeat
2315 3238 2766 3323 temporibus²

655 3335 935 3420 posteris
1010 3334 1335 3400 efficacius
1410 3334 1733 3419 respirare
1808 3335 1882 3397 in
1955 3335 2348 3403 libertatem.
2459 3338 2514 3401 F
2515 3338 2766 3404 eliciter

656 3459 941 3522 namque
1016 3437 1182 3501 dura
1258 3442 1326 3499 et
1392 3437 1625 3522 gravia
1700 3437 2116 3501 sustinentur
2179 3438 2266 3502 ad
2339 3443 2621 3525 tempus,
2687 3448 2766 3505 ut

655 3540 949 3604 feliciora
994 3538 1365 3605 succedant.
1456 3538 1547 3602 Et
1599 3538 1868 3623 quidem
1913 3539 1970 3603 si
2018 3540 2098 3604 de
2144 3562 2294 3626 rege
2339 3550 2584 3620 nostr0,
2621 3544 2763 3629 jam

656 3642 773 3705 diu
819 3639 965 3718 est,3
1006 3641 1196 3707 nobis
1242 3640 1481 3706 fuisset
1527 3641 1868 3719 creditum,
1907 3642 2049 3727 jam
2094 3643 2366 3729 pridem,
2429 3646 2602 3711 sicut
2645 3669 2764 3731 pro

655 3748 831 3809 certo
924 3743 1268 3820 credimus,
1358 3764 1474 3828 per
1548 3743 1675 3807 Dei
1766 3744 2278 3809 misericordiam
2369 3747 2766 3813 obtinuisset

656 3845 926 3913 ecclesia
973 3850 1047 3915 et.
1087 3866 1203 3910 vos
1250 3844 1331 3909 de
1375 3845 1519 3930 ipso
1566 3845 1928 3924 victoriam,
1975 3852 2192 3933 atque,
2239 3848 2540 3935 exemplo
2586 3850 2764 3915 illius

654 3950 728 4013 in
808 3948 1063 4013 caeteris
1148 3948 1294 4033 prin
1304 3947 1578 4033 cipibuS,
1653 3947 1935 4033 gloriam
2017 3954 2086 4013 et
2160 3949 2492 4015 honorem.
2607 3952 2762 4017 Sors

656 4072 942 4136 namque
989 4055 1426 4135 tyrannorum
1489 4048 1631 4114 heec
1676 4053 1795 4128 est,
1846 4054 1924 4113 ut
1969 4050 2084 4136 qui
2149 4056 2355 4117 terret
2401 4052 2553 4137 plus
2621 4054 2762 4139 ipse

651 4149 933 4217 timeat-,4

726 4382 741 4415 ¹
778 4379 1147 4439 relevationem,
1179 4378 1260 4438 A,
1280 4376 1363 4437 03
1398 4374 1664 4425 revelatio·
1822 4377 1844 4407 ⁴
1879 4380 1912 4405 ‘⁴
1931 4375 2035 4439 Qui
2057 4384 2230 4437 terret,
2264 4380 2379 4443 plus
2416 4380 2528 4443 ipse
2561 4380 2761 4432 timet.”

656 4478 782 4522 nem,
805 4461 886 4516 Lz
920 4458 1267 4517 relevationes,
1291 4457 1345 4505 Z.
1756 4454 2028 4507 claudian.
2075 4458 2138 4506 (le
2183 4458 2286 4508 lv.
2327 4458 2482 4511 Cous.
2525 4460 2762 4523 Honorii,

636 4599 641 4603 ¹
727 4540 749 4573 2
781 4539 987 4599 noser-is,
1008 4536 1103 4589 ins,
1124 4536 1199 4597 L;
1236 4552 1337 4586 om.
1360 4535 1431 4597 A,
1456 4536 1517 4587 Ζ.
1756 4534 1860 4585 viii.
1884 4540 1999 4587 290.

726 4621 749 4654 ³
782 4628 873 4681 eet,
896 4619 969 4679 Z;
1004 4633 1105 4667 om.
1128 4618 1189 4667 L.
