3634 5800
596 923 731 976 an.
768 909 991 992 1171.]
1474 924 1836 974 nmsronffl.
2583 911 2712 972 499

686 1107 775 1172 Et
840 1108 987 1194 ipsa
1046 1107 1175 1174 loci
1220 1106 1531 1174 vicinitas
1576 1112 1648 1172 et
1712 1108 1897 1173 fama
1959 1107 2237 1194 vulgata
2298 1129 2420 1193 per
2480 1108 2706 1174 orbem
2730 1110 2842 1188 'Ijhe
2866 1113 3016 1164 areh-

592 1230 711 1274 vos
804 1209 1108 1296 ignorare
1140 1251 1143 1256 -
1198 1229 1335 1276 non
1424 1208 1682 1295 patitur
1775 1210 2107 1294 quomodo
2191 1210 2402 1275 frater
2469 1216 2704 1302 =noster
2728 1178 2918 1294 {322¹ssss
2935 1179 3000 1230 οἰ

590 1310 913 1396 Rogerius
980 1310 1407 1377 Eboracensis
1470 1309 2018 1397 archiepiscopus
2083 1312 2460 1398 apostolicae
2527 1313 2702 1378 sedis
2727 1313 3028 1374 suspension

589 1413 866 1500 legatus,
910 1414 998 1478 ab
1026 1412 1237 1480 officio
1277 1413 1496 1492 fuerit,
1544 1414 1943 1500 quibusdam
1988 1415 2202 1482 causis
2253 1415 2698 1481 intervenien-
2723 1381 3002 1494 3ξῖἒῇζώ

589 1515 788 1593 tibus,
834 1515 1197 1601 pontificali
1243 1537 1611 1603 suspensus„
1706 1517 1811 1582 Ex
1857 1538 1992 1602 qua
2037 1539 2124 1594 re,
2170 1517 2344 1584 sicut
2387 1538 2430 1581 a
2493 1517 2700 1603 pluri·
2722 1511 2875 1625 {fifh
2899 1509 2960 1560 of

588 1616 715 1682 bus
780 1617 1032 1684 dictum
1069 1622 1202 1684 ‚est
1268 1623 1337 1684 et
1398 1617 1851 1704 praedicatum,
1928 1619 2210 1704 contigit
2277 1619 2454 1704 quod
2528 1618 2698 1684 illud
2809 1592 2968 1628 ⁰¹⁰⁸*

587 1719 1139 1786 immanissimum
1182 1719 1395 1787 scelus
1440 1724 1510 1785 et
1552 1721 1912 1786 nefandum
1958 1720 2286 1807 flagitium
2333 1720 2415 1786 de
2455 1725 2700 1786 sanctae

588 1821 1059 1888 recordationis
1148 1822 1419 1899 Thoma,
1512 1822 1846 1908 quondam
1923 1819 2390 1888 Cantuariensi
2481 1823 2697 1890 archi-

588 1922 931 2009 episcop0,¹
977 1923 1180 1988 fuerit
1224 1927 1697 2010 perpetratum.
1789 1922 1971 1989 Nam
2034 1945 2185 1991 cum
2255 1924 2500 1990 illustri
2545 1925 2686 1990 An-

586 2024 847 2110 glorum
908 2017 1049 2112 regi
1116 2026 1505 2091 nuntiatum
1574 2026 1811 2091 fuisset
1885 2026 2060 2110 quod
2135 2025 2450 2112 praefatus
2521 2025 2693 2092 Oan-

588 2127 945 2194 tuariensis
990 2129 1050 2194 ei
1096 2133 1166 2193 et
1208 2149 1411 2215 regno
1442 2149 1563 2194 suo
1608 2133 1679 2194 et
1708 2128 2029 2215 episcopis
2073 2134 2332 2195 tantam
2378 2129 2694 2216 injuriam

588 2221 958 2314 irrogasset,
1002 2251 1124 2295 rex
1186 2230 1259 2294 in
1306 2234 1571 2296 tantum
1616 2230 1926 2295 turbatus
1971 2234 2074 2296 est
2090 2227 2116 2268 ²
2160 2237 2230 2296 et
2291 2230 2696 2318 indignatuS,

589 2331 765 2414 quod
825 2332 1097 2418 quidam
1145 2333 1249 2406 ,de
1314 2333 1896 2400 circumstantibus
1984 2333 2124 2419 ejus
2193 2334 2696 2401 commotionem

588 2433 1043 2519 percipientes,
1108 2435 1171 2500 ei
1250 2435 1545 2502 volentes
1622 2434 1894 2521 placere,
1970 2436 2293 2501 instinctu
2371 2434 2696 2502 diabolico

470 2570 475 2576 ·
589 2535 942 2620 praefatum
988 2535 1536 2604 Cautum-iensem
1580 2543 1839 2604 armata
1883 2558 2087 2603 manu
2151 2539 2444 2624 aggressi
2513 2535 2695 2614 sini-„³

591 2641 661 2701 et
722 2637 961 2724 ipsum,
1024 2643 1227 2725 prout
1286 2639 1518 2717 nostiS,
1582 2640 1894 2705 atrociter
1955 2639 2028 2704 in
2090 2639 2359 2725 propria
2424 2639 2696 2706 ecclesia

587 2739 989 2818 occiderint?
1030 2741 1107 2804 in
1149 2761 1283 2826 qua
1326 2742 1616 2827 profecto
1662 2742 1978 2807 deberent
2021 2762 2161 2806 esse
2204 2741 2415 2806 securi
2482 2740 2693 2805 homi-

588 2841 769 2909 cidae.
862 2842 1055 2924 Quod
1116 2844 1351 2930 utique
1412 2849 1605 2911 tanto
1665 2843 1900 2930 majori
1961 2843 2218 2911 animos
2279 2843 2695 2909 audientium

590 2945 1035 3012 horribilitate
1110 2946 1469 3032 perfundit,
1544 2951 1617 3012 et
1684 2948 1794 3025 eis,
1865 2948 1980 3033 qui
2047 2952 2258 3013 tantae
2323 2946 2694 3013 atrocitatis

590 3049 841 3115 occasio
914 3049 1117 3114 fuisse
1194 3049 1524 3127 dicuntur,
1599 3050 1914 3135 majorem
1989 3054 2266 3135 generat
2335 3049 2694 3128 infamiam,

590 3154 840 3234 quanto
887 3150 1097 3216 scelus
1141 3150 1476 3216 crudelius
1532 3154 1609 3233 ‘et
1670 3149 1927 3215 facinus
1989 3150 2262 3235 gravius
2327 3156 2694 3237 reputatur.

590 3249 839 3317 Verum
886 3274 1038 3319 cum
1083 3253 1385 3339 praedieti
1430 3252 1603 3338 regis
1647 3252 1874 3316 nuntii
1939 3251 2128 3318 nulla
2170 3250 2428 3319 ratione
2471 3274 2595 3319 sua
2656 3275 2698 3319 a

589 3355 782 3420 nobis
850 3360 1122 3442 possent
1188 3356 1513 3422 instantia
1578 3355 1894 3433 obtinere,
1970 3359 2052 3420 ut
2117 3354 2413 3441 ejusdem
2487 3356 2700 3423 archi-

590 3458 895 3545 episcopi,
942 3458 1051 3523 vel
1094 3456 1375 3524 aliorum
1420 3456 1891 3544 episcoporum,
1935 3457 2054 3543 qui
2097 3479 2218 3544 pro
2252 3478 2450 3525 causa
2494 3459 2697 3523 simili

587 3558 861 3627 fuerant
904 3560 1457 3627 exeommunicati
1522 3560 1633 3625 vel
1694 3559 2050 3638 interdicti,
2097 3561 2556 3647 purgationem
2623 3562 2698 3626 in

490 3704 499 3711 ·
586 3662 889 3747 partibus
976 3661 1111 3726 illis
1185 3661 1761 3739 committeremus
1839 3683 1958 3748 per
2031 3664 2302 3727 nuntios
2395 3664 2694 3750 proprios

589 3766 779 3851 regis,
826 3769 897 3831 et
939 3786 1059 3853 per
1101 3784 1255 3831 suas
1299 3770 1370 3830 et
1435 3764 1714 3829 aliorum
1764 3784 2154 3851 magnorum
2223 3765 2514 3830 virorum
2579 3766 2693 3831 lit-

590 3872 773 3942 teras
818 3868 995 3933 idem
1040 3866 1567 3953 archiepiscopus
1628 3865 1823 3931 nobis
1885 3865 2304 3953 significavit,
2371 3868 2562 3953 quod,
2609 3868 2696 3934 ob

556 3962 911 4052 ‘fervorem
956 3969 1332 4035 devotionis
1377 3973 1447 4035 et
1488 3970 1645 4035 fidei
1691 3990 1892 4055 quam
1936 3969 2023 4034 ab
2067 3969 2268 4055 hujus
2296 3970 2696 4035 turbationis

588 4072 784 4136 initio
828 4072 1001 4156 circa
1061 4092 1182 4136 nos
1227 4076 1298 4136 et
1342 4071 1679 4137 ecclesiam
1742 4092 1862 4135 rex
1885 4071 1910 4109 ⁵
1971 4071 2190 4155 gessit,
2262 4071 2694 4149 FrethericuS,

520 4248 530 4257 ,
593 4176 821 4240 dietus
862 4176 1223 4261 imperator
1284 4181 1353 4242 et
1369 4174 1397 4213 ⁶
1458 4180 1836 4261 persecutor
1899 4174 2221 4252 Ecclesiae,
2288 4174 2416 4240 sibi
2479 4175 2696 4241 noluit

593 4277 771 4362 quod
813 4277 901 4342 ad
962 4296 1081 4342 nos
1140 4281 1360 4363 posset
1400 4278 1631 4343 venire
1676 4276 2100 4342 securitatem
2144 4281 2474 4362 praestare,
2541 4277 2697 4341 licet

590 4378 1009 4443 voluntarius
1054 4385 1226 4444 esset
1271 4384 1341 4443 et
1384 4384 1657 4465 paratus
1704 4378 1948 4457 venire,
1993 4382 2062 4442 et
2105 4398 2175 4441 se
2219 4397 2436 4443 eoram
2501 4378 2695 4443 nobis

591 4502 890 4568 purgare,
995 4480 1127 4547 nisi
1216 4480 1478 4546 viarum
1514 4471 1522 4479 ’
1568 4479 1909 4545 obstacula
1997 4499 2146 4543 eum
2235 4478 2694 4545 retardassent.

660 4684 675 4717 ¹
714 4684 1105 4751 archiepiscopi,
1131 4682 1191 4737 C.
1760 4680 1783 4712 ⁴
1813 4679 2125 4741 oeciderunt,
2148 4680 2227 4743 Ιις
2263 4681 2518 4741 occider-t„
2543 4682 2606 4734 Ο.

658 4766 681 4797 ²
716 4772 809 4827 est,
832 4765 896 4827 Ο,
920 4765 981 4823 C,
1006 4766 1047 4815 Z
1062 4787 1077 4827 ς
1111 4780 1212 4815 om.
1236 4765 1297 4814 L.
1758 4761 1779 4793 ὖ
1814 4777 1923 4819 rex,
1947 4760 2021 4818 Z;
2060 4774 2160 4809 om.
2187 4760 2252 4811 al.

658 4844 680 4875 ³
716 4852 857 4905 sunt,
882 4844 943 4904 C,
966 4845 1039 4903 L;
1076 4852 1157 4905 st„
1183 4844 1245 4895 Ο.
1758 4839 1779 4871 ⁶
1811 4845 1874 4899 et,
1905 4854 2007 4889 om.
2035 4838 2101 4889 L.

2257 4940 2426 5001 112
