3634 5800
531 912 665 962 aa).
701 894 921 977 1171.]
1404 880 1765 955 msa-om.
2509 887 2633 950 461

1364 1144 1824 1258 Docxmssi.

538 1358 970 1424 W1L1.1·:1.Mus
1016 1373 1224 1423 Pmon
1261 1358 1930 1423 GRANDIMONTENsm
1975 1370 2072 1419 AD
2118 1353 2414 1419 Parium
2462 1353 2640 1417 BER-

720 1476 943 1525 NARDI
1005 1475 1505 1525 connum-onum
1552 1458 2055 1534 VINCENARUM‚
2106 1473 2278 1526 oLm
2332 1472 2642 1521 ramam

722 1562 1441 1628 omnmuonmnsma.

1228 1714 1509 1777 (Μαι-ωηο,
1532 1712 1684 1763 Thes.
1712 1712 1744 1761 i.
1772 1714 1912 1773 560.)

634 1841 849 1906 Fideli
894 1862 1083 1907 servo
1130 1840 1379 1907 Christi
1429 1845 1497 1905 et
1541 1840 1853 1926 prudenti
1910 1841 2090 1925 patri
2135 1842 2401 1907 domino
2447 1842 2644 1908 Petro

548 1941 887 2021 Bemardi,
962 1946 1187 2008 nostro
1263 1941 1461 2007 fratri
1530 1948 1599 2006 et
1676 1942 2023 2008 correctori
2100 1943 2182 2007 de
2266 1943 2646 2021 VincemiiS,

546 2044 794 2109 bonum
840 2044 1139 2110 animum
1185 2045 1248 2109 ei
1292 2044 1615 2130 respirare
1660 2044 1737 2107 in
1782 2043 2232 2110 misericordia
2275 2045 2400 2111 Dei
2439 2046 2650 2113 frater

548 2144 918 2211 Willelmus
963 2146 1143 2232 prior
1186 2146 1527 2232 generalis,

640 2246 935 2314 Cruento
994 2248 1338 2313 reverendi
1383 2248 1593 2334 patris
1640 2246 2144 2314 Cantuariensis
2206 2271 2435 2315 occasu
2482 2252 2645 2337 quid
2676 2260 2896 2326 Against

552 2351 857 2429 turbaris,
904 2356 973 2415 et
1017 2350 1446 2437 cogitationes
1506 2356 1643 2415 tuae
1698 2349 2064 2415 ascendunt
2126 2350 2200 2414 in
2244 2372 2355 2417 cor
2402 2358 2591 2417 tuum
2621 2359 2647 2421 ’ἑ
2673 2328 2944 2460 ἓξᾎῖξέ

554 2451 629 2517 Si
690 2473 961 2517 manum
1021 2456 1141 2517 aut
1185 2450 1533 2516 consilium
1593 2449 1957 2536 parricidis,
2003 2451 2321 2517 suadente
2367 2454 2648 2537 diabolo,

555 2554 988 2639 praestitisseS,
1050 2552 1429 2619 contristari
1492 2552 1760 2617 deberes
1819 2552 2098 2617 tristitia
2157 2575 2305 2639 quae
2371 2556 2650 2623 salutem

554 2660 877 2740 operatur.
1002 2653 1205 2739 Plaga
1255 2674 1413 2718 sane
1458 2652 1739 2719 crudelis
1801 2658 1871 2718 et
1914 2659 2186 2719 cruenta
2231 2656 2654 2724 vehementer

555 2758 809 2823 inflicta
855 2762 955 2823 est
1000 2757 1286 2824 ecclesiae
1330 2762 1576 2823 sanctae
1637 2756 1765 2821 Dei
1826 2758 1899 2821 in
1944 2757 2393 2826 internecione
2439 2763 2653 2829 sancti

556 2860 876 2946 primatis.
998 2860 1094 2925 At
1138 2859 1301 2945 quid
1362 2858 1689 2925 remedii?
1809 2858 1967 2924 Non
2012 2864 2151 2924 tam
2214 2861 2654 2948 deplorandus

558 2962 674 3046 qui
750 2963 973 3026 insons
1050 2963 1291 3028 occidit
1366 2983 1564 3046 quam
1642 2961 1757 3046 qui
1834 2961 2087 3028 occidit.
2244 2964 2655 3052 Interempto

559 3068 785 3128 manet
829 3084 1080 3140 corona,
1144 3063 1603 3148 interemptori
1657 3062 1975 3148 gehenna,
2023 3085 2190 3149 quae,
2236 3065 2520 3134 immane
2567 3092 2656 3147 OS,

429 3219 437 3227 .
550 3165 828 3251 jamjam
874 3165 1137 3250 aperuit
1181 3171 1261 3229 ut
1314 3163 1643 3250 deglutiat
1692 3165 1940 3229 vivum.
2024 3167 2218 3246 Quod
2265 3172 2656 3254 paternitati

560 3270 697 3332 tuae
792 3265 1093 3342 retulere,
1182 3265 1700 3330 illustrissimum
1772 3267 2140 3352 Anglorum
2241 3291 2458 3357 regem
2535 3274 2660 3340 hoc

562 3367 893 3453 flagitium
955 3372 1383 3453 perpetrasse,
1431 3365 1692 3432 difficile
1761 3366 1930 3431 mihi
1989 3372 2465 3454 persuaderem,
2528 3377 2660 3440 nisi

562 3469 979 3534 narrantium
1024 3469 1319 3554 dignitas
1364 3468 1816 3534 intercederet.
1911 3468 2103 3549 Quod
2148 3473 2204 3536 si
2250 3473 2348 3538 ita
2393 3482 2510 3554 est,
2558 3500 2662 3542 res

563 3571 735 3636 male
766 3572 943 3636 cedit
987 3571 1115 3656 ipsi
1160 3571 1299 3656 regi
1345 3574 1416 3634 et
1458 3569 1647 3634 nobis
1706 3569 1977 3635 famulis
2024 3573 2201 3658 ejus3
2261 3597 2395 3641 non
2442 3585 2664 3645 tamen

563 3672 689 3738 hac
732 3695 803 3736 re
853 3672 1348 3758 desperandum,
1397 3671 1570 3736 sicut
1614 3669 1902 3736 calamus
1947 3681 2290 3758 quassatus
2337 3700 2470 3743 non
2512 3703 2663 3746 con-

564 3774 893 3839 terendus.
1018 3773 1175 3838 Noli
1229 3773 1486 3837 turbari
1553 3773 1744 3858 quasi
1807 3772 2111 3854 fecisses3
2167 3777 2438 3862 justitia
2492 3783 2663 3867 justi

565 3877 879 3942 liberabit
926 3898 1092 3953 eum,
1140 3876 1385 3960 impius
1431 3883 1655 3940 autem
1702 3876 1772 3939 in
1819 3897 1942 3942 sua
1987 3877 2342 3963 iniquitate
2389 3891 2663 3952 corruet.

568 3977 641 4042 Si
693 3978 861 4043 bene
914 3977 1141 4063 egeria,
1185 3975 1474 4062 recipies.
1569 3975 1772 4042 Secus
1840 3997 1917 4042 ac
1982 3978 2163 4064 lepra
2231 3984 2486 4067 corpori
2549 3987 2664 4050 ad-

568 4078 776 4144 haeret
820 4078 997 4163 quod
1040 4076 1270 4154 foedat‚
1314 4079 1411 4142 ita
1457 4075 1652 4163 culpa
1712 4077 1840 4163 ipsi
1902 4082 2202 4164 operanti
2261 4083 2664 4168 iniquitates.

570 4180 890 4265 Impietas
938 4179 1126 4264 impii
1173 4179 1301 4242 erit
1344 4200 1541 4263 super
1584 4200 1753 4254 eum.
1845 4179 1890 4243 J
1895 4184 2082 4246 ustus
2127 4181 2304 4247 filius
2348 4207 2480 4251 non
2526 4209 2664 4253 mo-

570 4283 781 4348 rietur
826 4281 897 4344 in
944 4281 1301 4365 iniquitate
1344 4280 1551 4366 patris
1614 4281 1734 4358 sui,
1784 4282 1897 4346 sed
1948 4283 2090 4347 vita
2132 4285 2334 4352 vivet.
2457 4288 2667 4355 Filius

570 4405 705 4449 non
750 4381 1045 4469 portabit
1088 4381 1511 4466 iniquitatem
1557 4382 1783 4467 patrie,
1813 4405 1935 4450 nec
1981 4388 2076 4460 tu,
2106 4386 2435 4453 carissime
2464 4397 2670 4476 pater,

572 4485 695 4550 filii
742 4484 845 4549 tui
891 4483 1063 4568 regis
1110 4483 1373 4570 Angliae
1433 4485 1490 4548 si
1537 4505 1769 4549 verum
1830 4486 1921 4550 sit
1973 4488 2149 4572 quod
2212 4489 2376 4556 adeo
2443 4493 2504 4556 ei
2569 4494 2668 4558 in-

572 4585 815 4672 genitae
888 4584 1177 4670 justitiae
1243 4584 1491 4649 oblitus
1558 4585 1777 4650 fuerit.
1898 4588 1998 4653 Ut
2073 4589 2198 4654 tibi
2274 4593 2675 4680 complaceat

573 4689 797 4754 anima
856 4701 1017 4763 mea,
1065 4687 1346 4753 scribam
1407 4686 1495 4751 ad
1540 4708 1729 4767 eum3
1792 4689 1908 4753 sed
1968 4691 2310 4776 epistolam
2374 4695 2674 4764 futuram

574 4791 765 4858 credo
832 4788 1181 4866 infirmam,
1242 4810 1399 4854 nam
1458 4811 1674 4855 coram
1730 4811 1805 4854 eo
1867 4813 2001 4857 non
2064 4815 2208 4859 sum
2279 4798 2384 4861 vir
2451 4806 2675 4889 magni
