3634 5800
682 897 813 952 As).
849 881 1075 972 1170]
1566 897 1930 948 amsa-om.
2653 886 2787 956 207

682 1083 1046 1171 plurimum
1072 1081 1091 1118 ¹
1156 1082 1467 1170 expedire
1530 1083 2000 1169 cognoscimus,
2068 1081 2538 1169 significamus,
2583 1082 2787 1150 subli-

685 1185 1013 1268 mitatem}
1044 1190 1235 1252 tuam
1296 1189 1603 1271 rogantes
1646 1184 1978 1249 attentius
2027 1189 2096 1250 et
2163 1190 2524 1262 monentes,
2571 1189 2667 1265 ut,
2729 1185 2787 1250 si

683 1285 940 1371 aliquid
958 1283 985 1323 ²
1027 1285 1408 1351 addendum
1452 1283 1657 1350 fuerit
1702 1283 1809 1350 vel
1856 1285 2270 1362 mutandum,
2317 1285 2444 1352 hoc
2487 1286 2575 1352 ad
2619 1308 2793 1354 com-

686 1389 1123 1454 monitionem
1166 1387 1457 1468 illorum,
1501 1409 1621 1474 pro
1652 1408 1873 1453 amore
1921 1388 2050 1453 Dei
2097 1393 2166 1454 et
2209 1393 2454 1466 nostro,
2499 1389 2600 1454 ita
2644 1409 2786 1455 cor-

686 1491 863 1579 rigas
909 1497 979 1557 et
1023 1492 1368 1572 emendes;
1412 1495 1485 1557 et
1526 1512 1607 1556 ea
1650 1512 1801 1576 quae
1847 1490 1972 1556 tibi
2019 1513 2106 1556 ex
2150 1496 2341 1577 parte
2384 1495 2613 1556 nostra
2642 1510 2793 1577 pro-

688 1599 937 1681 ponent
982 1594 1102 1659 tali
1148 1593 1344 1659 modo
1388 1592 1723 1670 exaudias,
1771 1598 1842 1658 et
1886 1613 2115 1658 aurem
2161 1593 2550 1659 benevolam
2603 1593 2795 1660 adhi-

689 1696 849 1761 bens
894 1697 995 1762 ita
1037 1693 1383 1762 efficaciter
1432 1694 1726 1780 digneris
1787 1694 2081 1780 implere,
2128 1695 2306 1780 quod
2369 1696 2788 1782 omnipotens

688 1796 1015 1862 Dominus
1060 1801 1128 1862 et
1189 1797 1553 1863 misericors
1621 1817 1848 1861 veram
1917 1795 2046 1860 tibi
2091 1801 2160 1861 et
2222 1795 2593 1862 haeredibus
2656 1797 2794 1863 tuis

686 1918 914 1984 pacem
960 1898 1292 1975 concedat,
1325 1903 1408 1976 ,et
1450 1897 1659 1962 honor
1688 1897 1844 1961 inde
1890 1896 2110 1982 regius
2140 1897 2550 1964 multimodis
2593 1897 2799 1964 adau-

688 2006 944 2087 geatur,
988 2021 1065 2068 ac
1111 2006 1188 2064 tu
1235 1999 1633 2066 indeficiens
1660 2003 1930 2086 propter
1980 1998 2106 2065 hoc
2150 2021 2194 2065 a
2238 1999 2382 2066 Deo
2426 2001 2791 2088 praemium,

692 2108 761 2166 et
804 2102 877 2166 in
922 2107 1275 2187 conspectu
1319 2101 1663 2166 hominum
1708 2101 1973 2166 laudem
2019 2107 2089 2165 et
2131 2101 2413 2187 gloriam
2455 2122 2594 2167 non
2653 2123 2790 2168 mo-

694 2204 925 2282 dicam,
972 2203 1211 2270 debeas
1278 2207 1629 2291 reportare.
1723 2201 2034 2270 Praedicti
2101 2203 2427 2288 siquidem
2471 2203 2792 2291 archiepi-

690 2327 925 2393 scopus
989 2311 1058 2371 et
1120 2303 1506 2392 episcopus,3
1550 2309 1731 2372 certa
1772 2326 1890 2391 spe
1933 2305 2016 2369 de
2079 2325 2239 2390 pace
2284 2311 2353 2372 et
2419 2306 2794 2374 reconcilia-

692 2408 877 2473 tione
920 2413 1253 2493 concepta,
1297 2407 1447 2472 illos
1493 2406 1609 2494 qui
1662 2407 1912 2472 fuerint
1969 2406 2357 2474 absolvendi
2421 2429 2798 2476 excommu-

693 2510 945 2576 nicatos
1008 2507 1375 2588 absolvent,
1423 2509 1521 2573 ita
1587 2508 1855 2594 quidem
1917 2509 2096 2594 quod
2163 2509 2220 2573 si
2282 2530 2434 2595 pax,
2500 2509 2788 2578 Domino

693 2611 1020 2694 faciente,⁴
1062 2617 1396 2698 sequatur,
1438 2610 1702 2675 nullum
1763 2610 2048 2688 honoris,
2095 2609 2360 2690 ordinis
2405 2617 2528 2678 aut
2596 2612 2791 2682 officii

693 2716 799 2780 sui
818 2713 843 2752 ⁵
902 2714 1283 2802 periculum,
1338 2713 1481 2780 sive
1544 2712 1839 2799 aliquam
1903 2713 2198 2780 infamiae
2264 2717 2511 2794 notam,
2559 2735 2680 2801 pro
2723 2735 2801 2782 eo

694 2817 875 2905 quod
918 2815 1469 2884 excommunicati
1512 2814 1798 2894 fuerant,
1829 2814 2115 2880 debeant
2142 2815 2482 2881 sustinere.
2559 2815 2796 2884 Archi·

694 2918 1072 3005 episcopum
1117 2918 1297 2982 enim
1340 2918 1427 2983 ad
1486 2937 1712 3003 pacem
1774 2916 2264 3002 suscipiendam
2325 2917 2646 2985 inducent
2690 2939 2776 2983 ex

698 3026 887 3106 parte
930 3024 1173 3097 nostra,
1220 3024 1289 3085 et
1332 3020 1391 3085 si
1448 3020 1522 3084 in
1588 3018 1812 3105 aliquo
1868 3018 2128 3105 justum
2195 3026 2448 3085 metum
2511 3027 2793 3108 praeteu-

696 3123 889 3199 derit,
954 3128 1021 3188 te
1089 3121 1178 3188 ad
1240 3143 1393 3187 eum
1456 3120 1827 3187 tollendum
1887 3120 2240 3187 sollicitius
2306 3122 2673 3202 admonere,
2719 3128 2792 3189 et

697 3224 1126 3303 multimodis,
1171 3245 1255 3290 ex
1318 3228 1509 3310 parte
1568 3223 1696 3289 Dei
1742 3228 1813 3289 et
1872 3227 2116 3301 nostra,
2162 3222 2249 3289 ad
2312 3246 2392 3290 ea
2454 3247 2604 3311 quae
2649 3226 2797 3292 tibi

698 3348 815 3413 per
904 3348 1013 3394 eos
1098 3325 1545 3413 significamus
1619 3326 1958 3411 implenda
2031 3326 2354 3392 inclinare
2429 3327 2784 3395 debebunt.

699 3429 946 3494 Verum
998 3429 1055 3493 si
1100 3449 1235 3515 pax
1292 3428 1501 3514 (quod
1560 3427 1741 3497 Deus
1764 3426 1789 3468 ⁷
1834 3432 2096 3495 avertat
2119 3428 2164 3515 1)
2231 3428 2585 3496 subsecuta
2648 3452 2788 3497 non

698 3530 917 3609 fuerit,
986 3534 1057 3595 et
1130 3529 1230 3593 ffli
1304 3530 1420 3616 qui
1487 3551 1559 3595 se
1618 3529 1982 3616 appellasse
2047 3535 2428 3616 proponunt
2491 3531 2780 3617 appella-

698 3632 949 3697 tionem
990 3652 1181 3697 suam
1198 3628 1224 3668 ⁸
1268 3631 1586 3697 duxerint
1635 3632 2178 3717 prosequendam,
2220 3653 2342 3697 nos
2404 3652 2630 3699 eorum
2691 3654 2795 3700 ra-

698 3734 911 3803 tiones
954 3754 1153 3821 super
1214 3734 1341 3801 hoc
1402 3731 1792 3819 diligentius
1855 3732 2216 3811 audiemus,
2262 3739 2330 3799 et
2393 3754 2591 3801 causa
2634 3756 2784 3824 cog-

698 3837 859 3913 nita,
904 3836 1269 3903 secundum
1313 3834 1493 3920 quod
1520 3834 1702 3900 Deus
1745 3834 1940 3901 nobis
1983 3835 2567 3917 administraverit,
2606 3836 2790 3922 judi-

700 3938 1010 4005 cabimus·
1148 3937 1279 4019 Qui
1372 3936 1610 4023 utique
1698 3937 1769 4001 in
1859 3937 2181 4022 proximis
2257 3939 2509 4003 octavis
2599 3938 2784 4006 beati

698 4038 1057 4119 Michaelis,
1102 4039 1247 4104 sive
1291 4038 1365 4103 in
1428 4037 1731 4124 proximo
1798 4038 1968 4105 festo
2011 4038 2231 4105 sancti
2271 4039 2486 4119 Lucae,
2554 4041 2784 4128 appel-

773 4294 789 4325 ¹
816 4291 1101 4358 plan-imum,
1126 4292 1204 4353 03
1240 4308 1339 4343 om.
1364 4292 1427 4342 L.
1876 4292 1896 4324 ⁴
1917 4292 2148 4356 sanante,
2192 4292 2250 4355 Z,
2293 4291 2418 4343 with
2472 4293 2553 4344 vel
2579 4294 2815 4360 faciente

771 4385 793 4418 2
824 4384 1039 4449 ‘usqu-d,
1062 4384 1148 4446 A3
1184 4383 1318 4449 quid,
1340 4384 1403 4435 L.
1808 4370 1976 4421 interl.

768 4491 791 4524 2
824 4488 1182 4557 archiepiscopi
1236 4496 1287 4541 ee
1336 4489 1573 4555 episcopi,
1620 4488 1704 4549 A3
1877 4449 1899 4560 z
1932 4450 2031 4579 x,
2054 4448 2235 4592 205
2251 4453 2502 4583 ·m:·02L·L
2740 4534 2751 4549 ο

2018 4564 2034 4591 2
2251 4568 2266 4591 ‚
2402 4568 2419 4593 ‚
2518 4555 2532 4595 ς
2573 4550 2654 4585 eos
2691 4538 2815 4588 with

700 4582 1109 4648 (δΓθῙῑῖθΡῖωθΡω
1140 4588 1191 4633 ⁸3
1224 4581 1463 4649 ⁶Pi3⁶⁰Pf2
1493 4580 1573 4645 03
1618 4597 1707 4630 ω’·
1810 4606 1889 4657 vel
1910 4623 1998 4657 nos
2019 4607 2206 4671 interl„
2227 4610 2284 4659 Z.

698 4675 862 4741 chiep.
884 4673 1301 4740 Roman-aymo
1331 4680 1383 4725 et
1416 4674 1701 4745 ερξρσορῦθ,
1877 4684 1900 4723 7
1939 4686 2202 4750 Dominus,
2224 4690 2284 4739 Z.

704 4769 762 4820 Z.
1877 4764 1899 4798 ⁹
1934 4779 2092 4831 suant,
2115 4780 2213 4818 om.
2238 4769 2303 4821 L.
