3634 5800
667 845 799 900 Aa).
833 827 1054 912 1170]
1545 843 1907 894 musrom.
2648 828 2777 894 359

669 1028 916 1115 Asaph,
947 1030 1246 1099 mandati
1275 1030 1486 1096 nostri
1517 1033 2035 1115 contemptorem
2061 1053 2079 1109 3
2122 1033 2193 1094 et
2222 1027 2448 1095 David
2479 1029 2774 1117 ejusdem

672 1131 960 1198 ecclesiae
1003 1131 1554 1208 archidiaconum,
1586 1131 1972 1197 auctoritati
2018 1135 2087 1196 et
2133 1132 2446 1217 potestati
2494 1137 2628 1198 tuae
2673 1153 2775 1196 re-

670 1232 1050 1320 linquimus,
1125 1238 1205 1297 ut
1276 1238 1372 1310 tu,
1440 1232 1499 1297 si
1563 1233 1796 1298 durius
1871 1231 2126 1317 aliquid
2153 1231 2180 1272 ¹
2248 1233 2322 1297 in
2387 1255 2495 1298 eos
2564 1232 2773 1297 fuerit

669 1334 1118 1411 statuendum,
1165 1334 1246 1400 de
1292 1338 1622 1421 potestate
1675 1333 1806 1399 tibi
1852 1333 2122 1414 tradita,
2166 1338 2419 1399 remoto
2480 1334 2771 1420 appella-

668 1435 871 1502 tionis
919 1435 1270 1513 obstaculo,
1319 1435 1714 1522 exsequaris.
1836 1433 1977 1499 Nos
2020 1454 2178 1500 vero
2224 1435 2399 1520 quod
2446 1435 2528 1500 de
2573 1456 2773 1522 poena
2870 1447 2877 1453 “

670 1536 935 1603 illorum
979 1557 1022 1603 a
1065 1541 1135 1602 te
1179 1537 1488 1604 canonice
1549 1537 1802 1604 factum
1863 1535 2085 1613 fuerit,
2130 1540 2399 1602 auctore
2451 1535 2627 1601 Dom
2637 1536 2769 1614 inc,

671 1643 890 1706 ratum
954 1644 1024 1703 et
1083 1639 1353 1704 firmum
1416 1638 1825 1705 habebimus,
1948 1637 2037 1704 Et
2098 1638 2243 1704 haec
2302 1638 2571 1723 quidem
2596 1635 2622 1676 ²
2682 1639 2769 1704 ad

669 1761 957 1826 praesens
1000 1740 1318 1806 videntur
1379 1761 1570 1827 posse
1634 1737 1946 1806 sufficere.
2072 1737 2149 1805 Si
2216 1744 2443 1805 autem
2510 1743 2771 1804 tantam

667 1843 838 1908 male
881 1843 1224 1930 agentium
1269 1843 1634 1912 viderimus
1687 1842 2139 1929 pertinaciam,
2186 1847 2265 1908 ut
2310 1864 2431 1910 nec
2477 1844 2602 1908 sub
2646 1842 2773 1910 hac

667 1965 866 2031 poena
922 1951 1322 2011 moveantur
1383 1945 1471 2010 ad
1532 1945 2024 2032 poenitentiam,
2082 1965 2489 2010 assumemus
2552 1945 2773 2012 adhuc

669 2051 895 2112 contra
927 2067 1052 2124 eos,
1083 2050 1350 2113 auctore
1397 2045 1700 2124 Domino,
1731 2046 1889 2112 fidei
1934 2049 2361 2124 armaturam,
2391 2051 2460 2111 et
2502 2047 2769 2132 pontifi-

669 2147 875 2215 calem
967 2148 1182 2214 zelum
1257 2168 1377 2234 pro
1453 2146 1648 2215 domo
1716 2147 1990 2214 Domini
2058 2152 2385 2234 quantum
2460 2149 2770 2235 expedire

667 2248 1041 2314 videbimus
1109 2269 1504 2316 exseremus.
1628 2247 1731 2314 De
1778 2255 2015 2315 coetero
2062 2249 2219 2334 quia
2264 2248 2611 2316 Salomone
2656 2251 2773 2315 do-

669 2355 858 2418 cente
895 2352 1332 2429 instruimur,
1377 2357 1457 2418 ut
1501 2353 1575 2416 in
1620 2353 1800 2418 omni
1862 2373 1932 2416 re
1978 2352 2544 2438 opportunitatem
2603 2357 2771 2418 tem-

667 2454 846 2540 poris
891 2453 1332 2532 attendamus,
1362 2457 1434 2519 et
1476 2453 1776 2519 inimicos
1824 2453 2127 2530 ecclesiae,
2160 2452 2275 2538 qui
2320 2454 2521 2519 etiam
2568 2475 2769 2541 regno

667 2555 1072 2621 Francorum
1139 2559 1300 2618 sunt
1360 2554 1432 2618 in
1492 2554 1772 2633 insidiis,
1816 2553 2365 2620 Matisconensem
2426 2555 2768 2621 civitatem
2794 2571 3003 2636 Danger
3024 2577 3079 2620 at

670 2657 1050 2723 audivimus
1111 2657 1450 2736 invasisse,
1495 2665 1739 2723 nostrae
1783 2656 2151 2724 voluntatis
2197 2677 2335 2722 esse
2394 2659 2655 2724 noveris
2700 2664 2771 2724 et
2796 2635 3001 2688 M⁵⁰⁰¹¹·

670 2757 944 2835 consilii,
989 2762 1071 2823 ut
1131 2778 1334 2844 super
1391 2757 1497 2823 his
1559 2758 1882 2824 carissimi
1944 2758 2017 2823 in
2065 2757 2332 2823 Christo
2376 2758 2499 2823 filii
2559 2759 2771 2825 nostri

671 2859 994 2928 Ludovici
1011 2857 1036 2898 ³
1080 2858 1359 2925 illustris
1390 2859 1792 2927 Francorum
1838 2860 2009 2947 regis
2055 2859 2401 2927 consilium
2446 2863 2771 2948 exquiras,

669 2968 738 3029 et
803 2962 889 3029 ad
967 2960 1333 3029 mittendas
1402 2962 1664 3029 litteras
1738 2968 1999 3029 nostras
2042 2963 2125 3028 de
2172 2962 2380 3049 ipsius
2423 2964 2769 3031 voluntate

664 3064 1014 3150 procedas3
1075 3084 1180 3141 ne,
1223 3064 1280 3128 si
1343 3062 1519 3130 forte
1564 3064 1772 3150 (quod
1831 3063 2015 3128 Deus
2082 3064 2375 3147 avertat)
2420 3064 2647 3150 aliqua
2696 3065 2771 3129 in

666 3186 872 3252 regno
934 3184 1055 3230 suo
1085 3164 1114 3203 ⁴
1179 3162 1386 3230 fuerit
1453 3164 1726 3231 suborta
1791 3164 2106 3241 turbatiO,
2168 3165 2435 3251 gravior
2508 3170 2629 3230 tua
2702 3171 2771 3230 et

663 3268 950 3335 ecclesiae
1011 3288 1210 3333 causa
1255 3289 1340 3333 ex
1399 3268 1586 3355 regni
1648 3267 2031 3333 turbatione
2096 3266 2449 3347 reddatur3
2506 3272 2648 3344 aut,
2712 3268 2772 3333 si

666 3391 802 3456 pax
845 3368 974 3435 tibi
1007 3374 1078 3436 et
1117 3369 1408 3437 ecclesiae
1427 3370 1452 3409 ⁵
1491 3369 1753 3436 reddita
1791 3369 2011 3447 suerit,
2041 3390 2187 3435 eam
2232 3390 2350 3455 pro
2378 3370 2554 3436 facto
2572 3368 2599 3409 ⁶
2640 3370 2772 3437 isto

670 3470 940 3537 duceres
1005 3470 1542 3557 perturbandam.
1663 3470 1919 3537 Datum
1983 3469 2248 3535 Verulis
2312 3476 2549 3558 quarto
2610 3471 2772 3537 Idus

670 3572 1096 3659 Septembris,

732 3801 746 3832 ¹
781 3797 1007 3864 aliquod,
1029 3796 1095 3849 V.
1828 3799 1850 3832 ⁴
1882 3800 2011 3862 ipsc,
2034 3797 2096 3850 O.

728 3878 750 3913 ⁸
784 3876 991 3943 quidem,
1012 3892 1111 3928 om.
1136 3878 1198 3928 L.
1543 3868 1548 3873 ’
1829 3879 1851 3911 ⁸
1883 3883 1999 3938 tuoe,
2021 3876 2117 3929 ins.
2140 3876 2205 3929 0.

662 3958 751 4088 ιθ
783 3954 1056 4019 Ludoviei,
1091 3955 1157 4018 O,
1191 3955 1234 4006 Z
1252 3976 1267 4017 ς
1314 3956 1398 4019 Iu,
1435 3957 1522 4019 V3
1562 3971 1662 4009 om.
1828 3954 1851 3989 θ
1876 3957 2121 4023 profecto,
2143 3954 2214 4007 V.
