3634 5800
586 895 723 947 Aa).
758 878 979 964 11'71.]
1468 890 1827 943 Ems'rom.
2579 874 2710 941 493

586 1088 929 1168 revelaret,
993 1108 1145 1153 cum
1206 1107 1342 1152 non
1418 1088 1491 1151 in
1566 1082 1769 1151 unius
1845 1088 2117 1150 tantum
2196 1085 2399 1168 caput
2463 1082 2704 1167 stringi

588 1185 867 1272 gladius,
944 1189 1059 1254 sed
1136 1188 1209 1253 in
1284 1188 1609 1255 cervicem
1685 1187 1900 1252 totius
1967 1184 2256 1251 ecclesiae
2319 1184 2711 1249 videretur?

591 1287 897 1355 Vidimus
941 1311 1063 1355 nos
1108 1290 1331 1355 virum
1377 1290 1585 1353 istum
1619 1310 1738 1374 pro
1786 1309 1918 1373 quo
1965 1285 2334 1368 scribimus,
2385 1285 2459 1349 in
2505 1284 2706 1349 initio

594 1392 1030 1475 tempestatiS,
1091 1392 1273 1457 inter
1337 1390 1748 1476 coepiscopos
1832 1392 2061 1454 sancto
2085 1386 2108 1424 ¹
2180 1386 2281 1450 illi
2347 1386 2708 1451 studiosius

592 1491 1063 1571 adhaerentem,
1108 1494 1493 1579 multasque
1539 1492 1822 1578 injurias
1865 1511 1986 1576 pro
2053 1489 2363 1553 libertate
2423 1487 2711 1555 ecclesiae

596 1597 666 1657 et
727 1594 935 1681 ipsius
1002 1595 1221 1681 gratia
1286 1594 1657 1682 pertulisse.
1757 1592 1926 1673 Quae
1971 1612 2130 1657 sane
2179 1589 2241 1655 ei
2303 1590 2491 1675 apud
2555 1610 2710 1654 eum

596 1696 1045 1779 perseveravit
1122 1697 1339 1783 gratia
1416 1696 1625 1761 donec
1706 1693 2118 1780 Reginaldus
2193 1691 2710 1767 archidiaconuS,

598 1796 715 1881 qui
778 1798 934 1863 huic
996 1819 1074 1863 ea
1147 1818 1347 1884 quam
1410 1797 1596 1863 scitis
1673 1796 1878 1861 etiam
1955 1793 2300 1879 sanguinis
2364 1793 2713 1860 affectione

598 1896 947 1965 devinctus
990 1905 1108 1977 est,
1172 1899 1507 1986 regalibus
1575 1898 1998 1983 mancipatus
2045 1896 2394 1981 obsequiis,
2463 1894 2714 1981 regalia

598 2002 803 2087 coepit
847 2003 932 2069 ad
979 2024 1096 2068 vos
1142 2004 1461 2069 mandata
1508 2002 1785 2079 deferre,
1831 2022 1980 2087 quae
2043 1999 2456 2065 utilitatibus
2501 1999 2716 2065 archi-

600 2103 886 2190 episcopi
930 2104 1366 2171 credebantur
1431 2105 1505 2167 in
1566 2101 1902 2189 aliquibus
1951 2102 2239 2167 obviare.
2357 2101 2716 2167 Decretum
2831 2098 2838 2109 '

601 2210 705 2269 est
770 2204 979 2291 igitur
1041 2212 1300 2291 patrem
1367 2205 1606 2292 punire
1674 2226 1795 2290 pro
1841 2204 2000 2282 filio,
2047 2210 2126 2269 ut
2187 2226 2336 2269 eum
2384 2203 2470 2267 ab
2533 2202 2718 2268 obse·

514 2366 519 2371 .
602 2305 778 2390 quiis
839 2305 975 2371 illis
1036 2308 1298 2393 paterni
1366 2307 1729 2393 compassio
1788 2304 2031 2372 doloris
2076 2311 2422 2383 averteret,
2484 2306 2593 2371 vel
2646 2305 2722 2369 in

603 2412 963 2494 utrumque
1036 2409 1305 2496 gravior
1372 2409 1864 2474 animadversio
1929 2408 2318 2473 vindicaret.
2433 2408 2718 2473 Utinam

604 2509 719 2575 ille
792 2510 917 2575 zeli
984 2510 1311 2576 fervorem
1378 2514 1810 2596 temperasset
1875 2509 1963 2573 ad
2026 2515 2312 2595 tempus
2407 2508 2565 2593 quia
2646 2508 2718 2573 in

606 2632 804 2677 causa
848 2612 1135 2679 ecclesiae
1180 2633 1379 2698 quam
1440 2616 1821 2697 susceperat
1892 2609 2145 2675 sollerti
2208 2610 2718 2675 mansuetudine

607 2712 841 2779 utilius
908 2712 1222 2800 proficere
1297 2713 1538 2798 potuit,
1615 2712 1671 2776 si
1749 2709 2070 2797 pacificus
2146 2716 2320 2776 esset
2389 2712 2719 2797 ingressus

607 2814 765 2899 ejus,
812 2814 871 2879 si
934 2836 1086 2881 suas
1150 2813 1489 2881 vindicare
1558 2813 1930 2879 distulisset
1976 2810 2274 2887 offensas,
2343 2834 2558 2899 neque
2618 2835 2721 2879 re-

605 2905 900 3003 pentinis
946 2917 1480 2984 infestationibus
1535 2916 1838 3002 jucunda
1905 2937 2097 2981 novae
2160 2936 2419 2981 eoronae
2477 2917 2726 3002 gaudia

610 3016 1083 3104 demigrasset.²
1177 3017 1349 3083 Sane
1399 3018 1481 3082 de
1526 3039 1604 3082 eo
1649 3017 1828 3102 quod
1875 3017 1957 3082 de
2004 3038 2243 3082 corona
2287 3017 2544 3082 factum
2601 3022 2720 3096 est,

608 3121 913 3208 episcopi,
960 3142 1173 3207 neque
1204 3125 1368 3186 tunc
1412 3142 1627 3205 neque
1658 3119 1905 3197 adhuc,
1941 3141 2010 3184 se
2056 3117 2338 3185 credunt
2383 3121 2455 3184 in
2500 3120 2724 3205 aliquo

611 3223 983 3308 deliquisse,
1072 3223 1232 3308 quia
1318 3223 1522 3307 (sicut
1598 3222 1822 3306 aiunt)
1899 3221 2276 3286 litterarum
2351 3229 2724 3288 vestrarum

610 3327 945 3411 praecessit
1018 3325 1399 3402 auctoritas,
1478 3329 1549 3388 et
1628 3345 1737 3388 eos
1823 3324 1911 3388 ad
1985 3323 2109 3388 hoc
2199 3322 2418 3408 ipsum
2495 3325 2724 3390 multis

614 3427 938 3513 exemplis
982 3426 1355 3511 antiquitas
1402 3424 1827 3491 informabat.
1922 3424 1995 3489 Si
2043 3431 2266 3490 tamen
2329 3426 2401 3489 in
2445 3424 2570 3491 hoc
2615 3447 2724 3492 eos

610 3527 837 3613 aliqua
910 3529 983 3592 in
1058 3533 1247 3613 parte
1325 3527 1683 3611 deliquisse
1758 3531 2111 3603 constaret,
2189 3527 2418 3592 delicti
2495 3533 2723 3592 tamen

613 3630 953 3715 quantitas
1016 3629 1339 3694 bonitatis
1403 3628 1783 3714 apostolicae
1845 3627 2364 3694 misericordiam
2426 3650 2562 3694 non
2609 3651 2724 3694 ex-

613 3731 831 3810 cedit3
876 3738 945 3795 et
990 3731 1073 3796 de
1118 3731 1394 3815 reliqu0‚
1432 3729 1794 3795 secundum
1843 3729 2255 3816 assignatum
2284 3751 2326 3794 a
2370 3732 2725 3797 sanctitate

614 3837 838 3898 vestra
887 3833 1177 3910 modum,
1225 3832 1306 3896 de
1352 3831 1554 3916 hujus
1613 3831 1996 3896 innocentia
2055 3828 2420 3916 diligentiae
2467 3838 2726 3911 vestrae,

620 3940 873 3999 remota
937 3955 1205 4020 prorsus
1273 3933 1731 4019 ambiguitate,
1800 3933 2154 3998 constabit.
2257 3933 2726 4020 Supplicamus

616 4035 825 4122 igitur
886 4057 1239 4121 precesque
1292 4034 1437 4121 jam
1485 4055 1636 4100 cum
1682 4035 1928 4100 fiducia
1995 4035 2294 4100 ducimus
2343 4034 2727 4114 offerendas,

615 4137 773 4223 quia
836 4159 921 4202 ex
986 4137 1113 4204 hoc
1176 4158 1362 4201 nunc
1430 4141 1694 4222 tempus
1766 4142 1872 4202 est
1896 4133 1923 4174 ³
1987 4136 2362 4214 miserendi,
2430 4143 2500 4202 et
2572 4142 2723 4222 post

617 4237 879 4303 diutina
930 4237 1193 4324 flagella
1255 4243 1551 4323 paternae
1617 4236 1891 4323 pietatis
1950 4236 2315 4302 visceribus
2374 4237 2726 4305 abundare.

616 4339 817 4404 Absit
860 4339 1035 4403 enim
1080 4361 1123 4402 a
1181 4338 1594 4423 benignitate
1638 4342 1864 4402 vestra
1909 4341 1988 4402 ut
2046 4358 2394 4422 personam
2454 4360 2730 4405 venera-

619 4441 837 4519 bilem,
898 4445 1005 4506 tot
1071 4445 1407 4525 acceptam
1480 4439 1689 4516 bonis,
1754 4444 1858 4503 tot
1927 4438 2238 4504 laudibus
2307 4440 2728 4518 illustratam,

689 4725 705 4758 ¹
739 4728 934 4784 sancto,
958 4723 1012 4775 J.
1084 4725 1133 4775 G
1167 4723 1315 4774 reads
1338 4739 1503 4787 scopo,
1528 4723 1632 4772 and
1670 4736 1685 4851 Ι
1790 4719 1813 4752 ³
1847 4719 2198 4786 deniyrasset?

622 4805 765 4858 Brial
788 4810 1024 4868 suggests
1047 4801 1446 4867 archiepiscopo.
1790 4799 1813 4832 ³
1849 4807 1943 4862 ent,
1966 4817 2066 4852 om.
2091 4803 2144 4853 «l.
