3634 5800
962 848 1094 912 332
1844 870 2203 920 srlsroLAE.
2694 857 2851 943 [ΛΦ.
2885 857 3077 926 1170.

960 1059 992 1085 “
1039 1055 1108 1116 et
1152 1056 1548 1128 sanctorum,
1595 1051 1714 1136 qui
1777 1051 1852 1114 in
1922 1049 2395 1117 cantuariensi
2442 1051 2719 1119 ecclesis.
2784 1055 3072 1140 requies-

957 1161 991 1188 “
1037 1158 1200 1219 cunt
1244 1158 1313 1218 et
1355 1153 1653 1239 graviter
1715 1153 2023 1238 injuriati
2068 1159 2244 1229 sunt,
2292 1175 2334 1218 a
2378 1153 2569 1220 vobis
2594 1153 2617 1192 ¹
2664 1162 2735 1221 et
2779 1157 2867 1223 ab
2908 1157 3023 1223 illo
3046 1157 3075 1196 ²

955 1264 990 1292 “
1033 1255 1284 1340 pariter
1327 1254 1620 1321 arceatis.
1715 1253 1910 1334 Quod
1952 1254 2099 1320 fieri
2144 1275 2335 1340 posse
2379 1275 2515 1320 non
2558 1257 2908 1336 credimuS,
2937 1258 3068 1323 nisi

955 1364 989 1391 “
1035 1377 1154 1441 per
1197 1356 1588 1442 condignam
1645 1354 2208 1435 satisfactionem3
2265 1357 2425 1441 quia.
2468 1375 2511 1422 a
2564 1357 2822 1423 saeculis
2880 1359 3070 1426 inau-

956 1461 992 1490 “
1037 1457 1252 1522 ditum
1299 1463 1400 1522 est
1445 1457 1625 1543 quod
1669 1457 1915 1542 aliquis
1960 1455 2511 1523 Cantusriensem
2566 1458 2909 1524 ecclesiam
2954 1459 3069 1525 lae-

954 1563 986 1590 “
1034 1557 1211 1634 serit,
1257 1563 1327 1622 et
1371 1577 1506 1621 non
1551 1557 1642 1622 sit
1707 1561 2039 1623 correctus
2100 1563 2223 1622 aut
2286 1557 2617 1623 contritus
2685 1580 2727 1623 a
2796 1557 3063 1627 Christo

951 1663 988 1690 “
1036 1655 1383 1723 Dominoss’

1043 1757 1420 1824 Subintulit
1481 1781 1634 1845 ergo
1698 1781 1817 1824 rex
1884 1758 2084 1825 vultu
2151 1758 2349 1824 hilari
2397 1765 2467 1825 et
2512 1779 2675 1826 voce
2733 1761 3067 1845 jucunda.
3054 1786 3067 1799 ·

950 1867 983 1894 ‘⁴
1032 1858 1105 1924 Si
1168 1860 1382 1926 filium
1451 1883 1671 1926 meum
1734 1860 2035 1948 diligitis,
2083 1861 2333 1947 duplici
2392 1860 2549 1946 jure
2616 1860 2843 1928 facitis
2886 1863 3063 1948 quod

950 1961 1296 2027 “debetis
1390 1961 1568 2028 Nam
1634 1967 1706 2026 et
1767 1983 1888 2048 ego
1950 1962 2142 2028 vobis
2210 1961 2400 2026 illum
2468 1961 2622 2027 dedi
2693 1963 2767 2026 in
2828 1961 3059 2040 filium,

949 2065 984 2096 ‘⁴
1031 2083 1329 2150 eumque,
1377 2069 1456 2129 ut
1521 2064 1897 2128 meminisse
1965 2063 2265 2150 potestis,
2326 2064 2669 2149 recepistis
2714 2063 2796 2128 de
2856 2085 3059 2129 manu

945 2171 982 2198 “
1025 2185 1186 2230 mea.
1279 2165 1368 2230 Et
1437 2166 1574 2282 ipse
1643 2186 1760 2231 vos
1822 2171 2019 2232 tants
2080 2165 2428 2232 affectione
2506 2164 2749 2253 diligit,
2800 2173 2873 2230 ut
2936 2165 3058 2232 ali-

945 2272 981 2301 “
1026 2286 1222 2350 quem
1285 2267 1702 2332 inimicorum
1771 2273 2141 2332 vestrorum
2208 2272 2389 2334 recto
2454 2266 2705 2331 lumine
2775 2274 3061 2353 nequeat

945 2372 980 2400 “
1025 2366 1285 2434 intueri.
1379 2367 1509 2433 Eos
1554 2368 1730 2433 enim
1782 2368 1923 2453 jam
1972 2363 2437 2444 contrivisset,8
2497 2365 2628 2432 nisi
2692 2367 3061 2434 obstitisset

944 2475 980 2502 “
1023 2469 1395 2536 reverentia
1469 2476 1539 2536 et
1599 2470 1802 2536 timor
1878 2471 2166 2537 nominis
2231 2470 2381 2536 mei.
2476 2469 2608 2536 Sed
2682 2471 2817 2536 scio
2883 2471 3058 2556 quod

943 2577 976 2604 “
1025 2591 1143 2636 vos
1185 2571 1455 2659 gravius
1501 2572 1582 2638 de
1643 2573 1756 2648 eis,
1802 2572 2005 2638 etiam
2052 2593 2253 2658 quam
2299 2577 2620 2658 oporteat,
2686 2572 3056 2650 ulciscetur,

945 2680 979 2706 “
1025 2693 1224 2757 quam
1299 2674 1434 2740 cito
1511 2679 1774 2759 tempus
1850 2679 1920 2739 et
1994 2674 2399 2740 occasionem
2476 2674 2817 2760 acceperit.
2912 2673 3055 2741 Nec

945 2783 978 2809 “
1023 2773 1258 2840 dubito
1326 2774 1491 2860 quin
1558 2774 1831 2841 ecclesia
1898 2773 2399 2841 cantuariensis
2475 2774 2895 2841 nobilissima
2966 2775 3055 2840 sit

940 2884 981 2915 ‘⁶
1027 2876 1203 2942 inter
1247 2896 1472 2961 omnes
1535 2875 1839 2943 ecclesias
1884 2875 2259 2954 occidentis
2328 2897 2451 2943 nec
2518 2895 2663 2942 eam
2720 2877 2879 2963 jure
2937 2897 3055 2944 suo

937 2986 974 3013 “
1017 2978 1312 3062 privari⁴
1356 2978 1546 3059 volo;
1587 2979 1756 3064 quin
1820 2978 2047 3064 potius
2107 2977 2313 3063 juxta.
2358 2977 2708 3043 consilium
2758 2984 3055 3045 vestrum

935 3086 970 3115 “
1015 3079 1186 3146 dabo
1262 3100 1526 3166 operam
1591 3084 1672 3143 ut
1737 3085 1806 3144 et
1882 3080 1954 3144 in
2022 3077 2145 3146 hoc
2210 3079 2495 3145 articulo
2569 3078 2920 3156 relevetur,
2982 3087 3052 3144 et

931 3189 970 3221 “
1016 3180 1366 3265 pristinam
1435 3180 1507 3245 in
1583 3180 1893 3246 omnibus
1967 3186 2310 3266 recuperet
2386 3179 2809 3265 dignitatem.
2902 3180 3049 3245 Illis

929 3292 970 3322 “
1016 3288 1240 3349 autem
1307 3282 1428 3368 qui
1495 3303 1600 3347 me
1669 3288 1740 3347 et
1806 3302 1927 3347 vos
1995 3281 2317 3349 hactenus
2379 3282 2837 3367 prodiderunt,
2906 3281 3050 3348 Deo

933 3390 968 3421 ‘⁶
1017 3383 1328 3470 propitio,
1375 3386 1469 3449 sic
1540 3381 1949 3468 respondebo
2014 3390 2092 3449 ut
2159 3384 2442 3470 exigunt
2508 3383 2751 3449 merita
2824 3384 3047 3469 prodi-

931 3495 963 3521 “
1013 3485 1288 3551 torum.”
1381 3484 1553 3551 Cum
1603 3506 1757 3571 ergo
1826 3505 1997 3570 equo
2043 3484 2356 3551 desiliens
2400 3506 2507 3551 me
2575 3484 2995 3551 humiliarem
3020 3484 3047 3522 ⁵

930 3588 1012 3653 ad
1063 3588 1262 3673 pedes
1307 3587 1468 3671 ejus,
1515 3585 1646 3663 illc,
1664 3585 1691 3624 ⁶
1733 3592 2006 3672 arrepto
2052 3588 2339 3663 scansili,
2382 3608 2489 3652 me
2534 3587 2752 3674 coegit
2824 3608 3047 3654 ascen-

928 3689 1104 3768 dere,
1149 3695 1218 3754 et
1282 3688 1463 3752 visus
1527 3687 1981 3773 illachrymari
2046 3689 2160 3766 ait,
2208 3697 2242 3723 “
2270 3688 2450 3768 Quid
2496 3688 2807 3754 multa⁷2
2902 3689 3039 3755 Do-

930 3797 964 3824 “
1011 3790 1188 3855 mine
1211 3786 1236 3827 ⁸
1341 3788 1847 3875 archiepiscope,
1942 3790 2372 3855 restituamus
2472 3790 2663 3855 nobis
2758 3789 3041 3856 invicem

930 3902 964 3927 “
1013 3899 1267 3959 veteres
1336 3890 1734 3969 affectiones,
1811 3899 1882 3957 et
1957 3892 2129 3958 alter
2201 3893 2397 3958 alteri
2472 3894 2649 3978 quod
2746 3894 3045 3980 potuerit

929 4004 963 4030 “
1011 3996 1258 4061 bonum
1307 3994 1638 4073 exhibeat,
1685 3999 1754 4059 et
1814 3994 2252 4080 praecedentis
2312 3995 2449 4060 odii
2509 4016 2773 4080 prorsus
2838 3995 3042 4061 simus

927 4106 962 4133 “
1010 4097 1444 4163 immemores.
1521 4096 1658 4163 Sed
1703 4095 1891 4172 mihi,
1937 4118 2176 4182 quaesO,
2223 4118 2442 4163 coram
2487 4097 2592 4163 his
2638 4100 2754 4183 qui
2817 4098 3044 4183 procul

930 4206 968 4233 “
1019 4198 1414 4284 adspiciunt,
1491 4198 1806 4264 honorem
1884 4196 2311 4263 exhibeatis.”
2404 4198 2493 4263 Et
2568 4198 2895 4263 transiens
2958 4198 3043 4264 ad

989 4450 1004 4482 ¹
1040 4448 1197 4510 nobis,
1219 4452 1282 4511 L,
1306 4449 1370 4501 G.
2092 4452 2113 4485 ὅ
2148 4450 2488 4511 humilitatem,
2518 4452 2580 4503 V.

989 4528 1011 4562 ²
1047 4528 1150 4589 illo,
1174 4529 1245 4589 A,
1270 4529 1338 4591 Ο,
1361 4530 1402 4579 Ζ
1423 4548 1438 4588 3
1474 4526 1591 4588 illis,
1613 4528 1675 4587 L,
1699 4528 1764 4580 G.
2094 4529 2115 4563 ⁶
2148 4527 2251 4591 ille,
2272 4545 2374 4581 om.
2398 4529 2462 4581 L.

989 4611 1012 4644 ³
1045 4610 1378 4671 contr-ivisset,
1412 4610 1481 4671 A,
1514 4608 1577 4671 Ο,
1605 4609 1676 4669 V,
1699 4608 1774 4669 23
1810 4624 1927 4659 con-
2094 4606 2115 4643 ⁷
2148 4607 2327 4669 multa,
2349 4609 2406 4668 Z,
2431 4609 2504 4671 L;
2533 4606 2711 4672 plura,
2732 4608 2798 4657 A.

924 4688 1166 4748 tenuisset,
1191 4686 1257 4749 L,
1281 4688 1345 4739 G.
2094 4684 2117 4716 ⁸
2149 4687 2229 4749 mi,
2251 4684 2346 4737 ins.
2370 4686 2437 4739 G.

986 4767 1008 4797 ⁴
1038 4766 1266 4831 privari,
1289 4768 1361 4829 A,
1384 4766 1448 4827 0,
1471 4766 1544 4827 23
1571 4767 1801 4831 privare,
1825 4766 1887 4815 L.
