3634 5800
653 912 785 965 Aa).
823 894 1046 982 1170]
1527 915 1887 965 EPISTOLAE.
2632 905 2756 968 291

649 1106 808 1190 quia
851 1127 1074 1191 regem
1119 1126 1402 1190 pronum
1470 1105 1556 1170 ad
1622 1105 2041 1170 concordiam
2086 1106 2171 1170 ab
2218 1106 2361 1191 ipso
2408 1127 2759 1172 revocave-
2788 1117 2903 1171 Oct.
2934 1125 3010 1172 13.

649 1211 808 1271 runt
853 1206 1136 1272 introitu
1165 1205 1363 1292 paciS,
1394 1206 1748 1272 suadentes
1795 1211 1875 1271 ut
1920 1228 2075 1272 suas
2116 1208 2425 1293 prosequi
2460 1209 2761 1295 patiatur

647 1308 1122 1394 appellationes
1167 1309 1240 1372 in
1301 1307 1470 1374 festo
1533 1307 1712 1374 beati
1773 1309 1971 1374 Lucae
2038 1330 2187 1394 quae
2232 1310 2437 1375 variis
2500 1311 2759 1375 subter-

651 1410 852 1496 fugiis
928 1410 1338 1495 interpositae
1413 1414 1590 1486 sunt,
1665 1410 1869 1474 etiam
1946 1415 2096 1495 post
2171 1410 2644 1476 inhibitionem
2720 1432 2761 1476 a

648 1513 914 1578 domino
983 1532 1156 1597 papa
1223 1511 1516 1590 factam3
1581 1511 1740 1596 quia
1807 1517 2037 1578 contra
2083 1512 2503 1578 voluntatem
2548 1533 2758 1590 suam,

649 1615 704 1677 si
773 1613 1308 1699 perseveraverit,
1369 1611 1539 1676 nihil
1607 1612 1828 1678 facere
1908 1613 2355 1698 compelletur.
2476 1614 2758 1680 Interim
2781 1615 2891 1693 Th?
2914 1617 3066 1665 abso-

647 1715 931 1781 absoluti
1007 1720 1166 1779 sunt
1241 1714 1356 1800 qui
1433 1714 1993 1781 excommunicari
2072 1719 2472 1791 meruerant,
2557 1716 2759 1802 hujus
2782 1682 2985 1732 ¹⁰²¹⁰¹¹⁸⁶

649 1817 1018 1884 schismatis
1065 1817 1431 1882 incentores
1492 1820 1562 1881 et
1607 1815 1993 1901 spoliatores
2039 1816 2269 1894 nostri,
2317 1817 2584 1883 indulto
2632 1819 2758 1882 sibi

644 1919 990 2006 privilegio
1034 1939 1120 1983 ne
1165 1917 1343 2003 quod
1389 1916 1808 2003 dispendium
1856 1916 2140 1994 honoris,
2172 1917 2386 1996 officii,
2436 1919 2759 2000 beneficii,

648 2027 769 2086 aut
811 2021 1010 2087 famae
1071 2020 1469 2086 contrahant
1533 2041 1616 2084 ex
1679 2019 1823 2095 hoe,
1874 2018 2053 2104 quod
2118 2019 2565 2086 anathematis
2612 2023 2759 2086 vin-

646 2125 793 2190 culo
861 2122 1120 2188 tamdiu
1185 2121 1490 2187 innodati
1559 2121 1848 2185 fuerunt
1964 2121 2158 2201 Quod
2226 2143 2423 2207 quarn
2470 2127 2645 2188 recte
2692 2129 2761 2190 et

647 2224 1002 2290 salubriter
1047 2223 1333 2290 ecclesiae
1377 2222 1626 2289 factum
1672 2222 1764 2287 sit
1807 2222 2057 2288 viderit
2126 2222 2309 2290 Deus
2354 2228 2425 2289 et
2484 2224 2757 2308 judicet.
2852 2298 2860 2308 ,

648 2327 780 2394 Sed
841 2327 1086 2393 dicitur
1131 2347 1240 2391 eos
1278 2325 1538 2411 jurasse
1597 2325 1772 2410 quod
1821 2324 2102 2391 stabunt
2147 2325 2462 2392 mandato
2510 2327 2759 2392 domini

649 2451 853 2516 papae,
902 2429 1100 2513 idque
1124 2427 1144 2464 ¹
1194 2427 1578 2513 praecipitur
1623 2426 1961 2504 occultari,
2012 2448 2097 2492 ne
2162 2426 2331 2493 forte
2390 2429 2763 2495 innotescat

644 2533 900 2619 aliquid
945 2552 1064 2617 pro
1128 2531 1400 2597 ecclesia
1461 2535 1726 2616 gestum
1795 2529 1977 2614 quod
2038 2530 2126 2594 ad
2174 2531 2385 2617 ipsius
2430 2533 2762 2618 pertineat

644 2637 1100 2712 honestatem3
1145 2654 1295 2698 cum
1342 2653 1376 2696 e
1421 2637 1652 2698 contra
1718 2631 1981 2718 publice
2046 2633 2444 2718 praedicetur
2504 2634 2576 2698 in
2620 2634 2761 2699 foro

646 2739 703 2802 si
750 2737 913 2822 quid
965 2735 1039 2799 in
1083 2735 1442 2820 perniciem
1491 2733 1635 2820 ejus
1699 2738 2181 2822 praesumptum
2228 2740 2331 2800 est
2374 2741 2497 2801 aut
2539 2735 2764 2800 indul-

647 2845 810 2906 tum.
903 2837 1074 2903 Cum
1121 2857 1275 2925 ergo
1335 2857 1489 2924 pars
1553 2841 1780 2903 nostra
1849 2837 1937 2902 ab
2000 2837 2196 2904 'mitio
2263 2842 2613 2925 prosecuta
2673 2839 2764 2905 sit

646 2941 1122 3029 appellationes
1182 2960 1408 3005 omnes
1455 2943 1526 3004 et
1568 2961 1637 3005 se
1683 2940 1963 3025 singulis
2008 2940 2207 3005 annis
2255 2939 2520 3017 obtulit,
2565 2940 2763 3006 diffu-

643 3045 866 3130 giente
913 3046 1105 3129 parte
1151 3042 1451 3117 adversa,
1499 3044 1568 3105 et
1612 3040 1732 3106 illa
1774 3040 1929 3127 plus
1987 3041 2344 3127 profecerit
2388 3042 2463 3106 in
2506 3042 2765 3110 malitia

645 3168 766 3210 sua
823 3165 1022 3230 quam
1083 3165 1203 3207 nos
1264 3144 1336 3207 in
1405 3142 1787 3207 innocentia
1847 3147 2076 3207 nostra
2136 3147 2205 3207 et
2256 3142 2549 3227 justitia,
2611 3146 2761 3230 quis
2788 3168 2900 3218 The
2922 3167 3077 3218 exiles

645 3246 788 3311 sani
835 3245 1070 3330 capitis
1118 3243 1394 3310 audebit
1457 3243 1734 3309 suadere
1779 3250 1861 3307 ut
1904 3243 2049 3309 haec
2094 3242 2374 3308 ulterius
2419 3247 2761 3333 praestigia
2787 3234 2889 3283 “5¹¹
2913 3248 2982 3284 ¹²⁰

645 3351 1145 3415 consectemur?
1251 3346 1420 3424 Quae
1489 3350 1594 3409 est
1661 3343 1921 3409 utilitas
1986 3345 2054 3408 in
2123 3349 2229 3410 tot
2294 3344 2626 3412 laboribus
2692 3354 2763 3413 et
2786 3314 3033 3429 3¹02?th

647 3450 967 3535 expensis,
1015 3452 1084 3512 et
1147 3447 1466 3533 sanguine
1534 3446 1959 3511 innocentum
2024 3446 2141 3531 qui
2207 3468 2329 3532 pro
2373 3468 2547 3513 novo
2563 3446 2589 3486 ²
2632 3453 2761 3515 tes-
2788 3432 2967 3483 Rome.
3060 3520 3069 3527 ,

649 3555 942 3617 tamento
964 3547 990 3587 ³
1051 3549 1179 3614 Dei
1256 3549 1510 3613 animas
1587 3550 2005 3635 posuerunt?
2122 3547 2377 3633 Utique
2451 3570 2587 3615 non
2660 3556 2762 3616 est

643 3654 832 3719 nobis
900 3651 1075 3717 tanti
1123 3649 1578 3715 delusionibus
1623 3649 1859 3715 vexari
1918 3650 1992 3713 in
2058 3649 2262 3715 Curia
2323 3650 2464 3716 sine
2510 3651 2757 3730 fructu,

643 3762 721 3819 ut
763 3776 899 3829 n05,
947 3752 1064 3838 qui
1109 3752 1360 3817 residui
1405 3774 1652 3829 sumu&
1699 3752 1987 3817 velimus
2032 3751 2175 3817 sine
2236 3772 2433 3818 causa
2476 3754 2755 3819 morien-

641 3858 814 3921 tium
861 3876 1000 3920 esse
1046 3858 1397 3931 consortes,
1427 3854 1486 3917 si
1511 3852 1538 3891 4
1587 3854 1727 3919 Deo
1771 3874 2037 3919 causam
2082 3875 2269 3921 suam
2315 3854 2537 3941 potius
2582 3876 2756 3921 com-

643 3958 974 4024 mittimus
1027 3954 1460 4041 dirigendam.
1553 3954 1626 4019 Si
1658 3954 1806 4039 quis
1839 3954 2014 4019 enim
2046 3958 2349 4021 nostrum
2394 3962 2759 4022 conventus

642 4059 846 4123 fuerit
888 4062 969 4122 ut
1013 4056 1100 4122 ad
1145 4056 1395 4122 curiam
1442 4055 1572 4120 iter
1617 4054 1937 4141 arripiat:

735 4181 768 4208 ‘⁴
792 4172 972 4237 Olim
1017 4170 1196 4256 quod
1239 4170 1476 4255 vulpes
1521 4180 1772 4256 aegroto
1820 4173 2016 4234 cauta
2062 4168 2268 4235 Leoni
2787 4196 2914 4249 Hor.
2938 4196 3099 4263 Ep.1.

735 4284 770 4310 “
793 4271 1162 4359 Respondit
1207 4271 1447 4336 referet
1465 4272 1529 4335 ⁵:
1576 4271 1734 4357 quia
1775 4292 1885 4335 me
1928 4269 2215 4355 vestigia
2258 4274 2511 4335 terrent
2786 4267 2822 4315 1.
2850 4268 2999 4316 73-5.

735 4384 770 4411 “
792 4375 1035 4441 Omnia
1079 4378 1149 4439 te
1193 4372 1549 4438 adversum
1595 4369 2011 4458 spectantia‚⁰
2055 4370 2243 4436 nulla
2286 4376 2643 4437 retrorsum
2668 4396 2687 4453 ;
2708 4372 2743 4397 '’

709 4566 726 4598 ¹
765 4564 820 4613 id
841 4562 992 4627 quod,
1015 4562 1079 4614 Ο.
1699 4564 1704 4580 “
1810 4560 1832 4591 ·’·
1868 4561 2073 4626 reseret,
2137 4576 2237 4610 om.
2307 4562 2350 4610 L
2413 4560 2763 4623 (“referam,”

706 4644 728 4676 2
761 4643 1045 4701 nemimem.
1068 4641 1131 4692 L.
1747 4639 1921 4699 Hor.).

706 4724 730 4757 ³
763 4721 1080 4771 testimonio?
1815 4717 1837 4749 ⁶
1872 4715 2138 4767 adversum
2185 4722 2234 4767 te
2279 4720 2647 4782 stupet-tantia,
2695 4720 2765 4769 A,

709 4802 732 4833 ⁴
767 4799 936 4859 εἰ,Δ;
971 4796 1072 4861 sed,
1095 4798 1154 4858 Ζ,
1177 4798 1235 4849 L.
1752 4796 1816 4847 Ο.

2367 4878 2496 4939 ’12
