3634 5800
636 886 771 937 Aa).
810 870 1031 955 1172]
1510 884 1874 935 EPISTOLAE.
2622 866 2747 927 511

632 1071 959 1138 invidiose
1004 1073 1274 1138 omnino
1320 1076 1633 1158 quaerunt
1676 1072 2091 1156 extinguere,
2137 1076 2218 1135 ut
2266 1071 2366 1136 ita
2411 1069 2754 1155 negotium

636 1174 813 1239 inter
887 1195 1125 1241 manus
1202 1178 1457 1240 vestras
1532 1179 1775 1259 pereat,
1839 1179 1909 1239 et
1982 1172 2285 1238 irritetur
2327 1171 2757 1258 propositum.

642 1276 789 1355 Quo
823 1276 1023 1355 fact0‚
1076 1276 1149 1341 in
1195 1277 1447 1342 labores
1492 1281 1771 1356 vestros,
1817 1275 1995 1362 quod
2039 1296 2174 1341 non
2217 1296 2452 1363 pamm
2507 1273 2757 1339 deside-

638 1382 809 1454 rant,
854 1383 1128 1463 sperant
1174 1400 1245 1443 se
1293 1379 1679 1455 intraturos
1724 1382 1809 1456 et,
1858 1377 2054 1464 quasi
2098 1376 2492 1443 cadentibus
2537 1375 2754 1458 vobis,

641 1477 987 1545 industriae
1056 1500 1195 1546 suae
1258 1480 1515 1545 viribus
1590 1501 1659 1545 se
1710 1479 1941 1544 ruinas
2003 1477 2294 1545 ecclesiae
2361 1477 2756 1563 impleturos

641 1586 1067 1667 praesumunt.
1158 1581 1357 1647 Unde
1404 1588 1490 1660 et,
1538 1582 1713 1647 sicut
1758 1583 1968 1660 aiunt,
2000 1584 2080 1647 ut
2108 1582 2182 1646 in
2223 1580 2331 1645 his
2377 1579 2756 1667 regionibus
2782 1588 2954 1653 Roget
2977 1588 3038 1639 of

641 1681 929 1767 amplius
973 1704 1091 1748 vos
1136 1683 1434 1760 odibiles,
1497 1689 1567 1748 et
1629 1683 1703 1747 in
1766 1684 2119 1771 legationis
2165 1688 2406 1748 vestrae
2452 1682 2754 1768 partibus
2781 1656 2944 1705 York.

641 1784 851 1870 magis
881 1784 1413 1870 contemptibiles
1443 1785 1813 1863 redderent,
1846 1785 2250 1871 aquilonaris
2281 1783 2393 1849 ille
2425 1782 2758 1849 Sathanas

642 1886 747 1951 sui
790 1885 1048 1951 consilii
1117 1885 1373 1950 viribus
1436 1885 1693 1951 solutus
1762 1890 1886 1963 est,
1931 1906 2014 1950 ex
2061 1907 2192 1971 quo
2238 1890 2412 1951 certe
2457 1886 2755 1951 omnium

641 1988 1061 2053 inimicorum
1104 1987 1393 2055 ecclesiae
1461 2008 1709 2054 cornua
1769 2009 1909 2053 non
1953 2009 2188 2074 parum
2233 1993 2396 2053 sunt
2439 1988 2753 2065 exaltata,
2782 2008 2970 2059 Foliot.

644 2105 707 2154 et
739 2089 841 2154 illi
870 2090 1240 2175 praesertim
1270 2089 1577 2155 unicorni
1607 2093 1834 2155 nostro
1855 2088 2026 2175 jam¹
2059 2089 2274 2155 omnis
2310 2090 2458 2175 (nec
2488 2088 2748 2171 dubito)

643 2193 1061 2280 poenitentiae
1127 2192 1381 2258 excidit
1446 2192 1667 2259 timor.
1758 2192 1926 2273 Quis
1995 2193 2173 2259 enim
2229 2192 2443 2257 teneri
2490 2193 2562 2257 in
2606 2192 2756 2256 vin-
2783 2216 2898 2267 Bad
2921 2215 3070 2265 effect

648 2296 815 2363 culis
878 2301 1141 2363 metuat
1203 2296 1313 2361 vel
1358 2296 1617 2373 vinciri,
1682 2316 1836 2361 cum
1899 2294 2014 2361 ille
2079 2296 2180 2361 ita
2223 2316 2266 2361 a
2325 2295 2618 2362 vinculis
2663 2294 2756 2360 sit
2783 2282 2841 2332 of
2858 2283 2946 2373 ²¹¹?

647 2398 946 2463 solutus?
1037 2398 1184 2473 Hoc
1226 2403 1401 2464 certe
1466 2420 1633 2484 opus
1678 2404 1799 2475 est,
1845 2398 2022 2463 unde
2070 2398 2284 2463 sancti
2329 2398 2502 2484 regis
2548 2398 2757 2463 nostri
2783 2364 2955 2479 ξιῖἷοοξ
2973 2424 3026 2465 to

648 2522 774 2576 cor,
820 2500 995 2567 sicut
1038 2500 1183 2586 ips‘e
1229 2499 1397 2565 mihi
1442 2506 1692 2567 secreto
1738 2504 2026 2565 testatus
2073 2505 2191 2581 est,
2241 2501 2510 2565 omnino
2558 2500 2759 2584 (sicut
2783 2482 2934 2533 them.

651 2601 843 2685 dicit)
916 2601 1215 2667 Romano
1278 2601 1581 2688 pontifici
1640 2601 1858 2688 periit.
1951 2601 2100 2667 Hoc
2161 2607 2264 2667 est
2309 2603 2486 2667 unde
2531 2600 2760 2665 obstu-

649 2709 929 2793 pescunt
970 2705 1355 2783 sacerdotes,
1400 2710 1910 2772 consternantur
1950 2705 2280 2791 principes
2324 2710 2394 2771 et
2423 2704 2759 2770 dissolutae

650 2812 811 2873 sunt
856 2806 1151 2873 omnium
1196 2827 1448 2873 manus
1540 2806 1631 2871 Et
1674 2805 1797 2873 hoe
1843 2811 2018 2872 certe
2062 2811 2165 2871 est
2207 2806 2386 2871 unde
2431 2807 2611 2893 apud
2639 2828 2759 2871 nos

650 2915 723 2976 et
750 2911 973 2976 minus
1018 2909 1179 2976 estis
1223 2909 1561 2988 amabiles,
1592 2914 1663 2974 et
1705 2909 1779 2973 in
1809 2908 2159 2995 legationis
2188 2915 2426 2975 vestrae
2457 2909 2758 2996 partibus

648 3013 871 3078 minus
914 3011 1241 3077 terribiles
1286 3012 1493 3077 credo.
1587 3011 1890 3091 Qualiter
1935 3015 2160 3076 tamen
2205 3017 2274 3077 et
2317 3033 2436 3098 per
2479 3033 2642 3098 quos
2687 3011 2758 3077 id

650 3120 874 3182 actum
918 3115 1027 3192 sit,
1072 3114 1407 3192 existimo,
1452 3115 1665 3180 sancti
1708 3120 1952 3201 patres,
1997 3115 2420 3202 prudentiam
2465 3121 2758 3182 vestram

650 3239 757 3282 me
800 3217 1015 3284 multo
1058 3217 1285 3282 verius
1348 3237 1557 3282 nosse.
1648 3216 1881 3282 Unum
1944 3221 2170 3282 autem
2217 3218 2367 3296 scio,
2413 3218 2590 3305 quod
2636 3237 2758 3304 ego

651 3319 859 3386 latere
920 3333 1041 3386 vos
1100 3320 1271 3385 nolo.
1365 3319 1651 3399 Quidam
1728 3318 2026 3404 proxime
2089 3341 2132 3384 a
2195 3318 2402 3386 Curia
2475 3321 2756 3399 rediens,

655 3422 823 3488 mihi
868 3422 1027 3488 olim
1090 3421 1460 3499 familiariti,
1507 3421 1615 3486 vir
1676 3421 2044 3487 testimonii
2112 3421 2269 3487 boni
2315 3431 2386 3488 et
2429 3423 2502 3487 in
2546 3423 2759 3490 literis

655 3524 859 3589 etiam
888 3527 1143 3609 potem,
1188 3524 1363 3588 inter
1394 3527 1633 3589 caetera
1661 3521 1830 3586 mihi
1875 3523 2110 3588 retulit
2153 3545 2221 3588 se
2251 3545 2292 3588 a
2321 3523 2758 3590 famosissimo

586 3669 601 3684 ·
654 3626 770 3692 illo
816 3626 1128 3712 sacrilego
1205 3624 1549 3711 parricida,
1616 3623 1951 3690 Willehno
2014 3625 2326 3691 videlicet
2394 3627 2475 3694 de
2521 3628 2758 3714 Tracy,
2786 3653 2875 3702 w,
2899 3654 2962 3702 de

656 3729 829 3794 sicut
872 3727 1133 3804 dicitur,
1178 3726 1591 3812 poenitentiae
1650 3747 1850 3793 causa
1915 3727 1988 3790 in
2030 3727 2158 3793 hoc
2199 3749 2375 3794 anno
2417 3730 2505 3795 ad
2549 3731 2758 3796 domi·
2786 3721 2952 3783 Tm!
2975 3725 3040 3808 Μ,

657 3851 821 3894 num
896 3850 1135 3916 papam
1211 3828 1520 3915 profecte,
1595 3829 2032 3894 secretissima
2130 3829 2478 3916 legationis
2554 3834 2760 3899 verba
2783 3786 3024 3904 tcffirzope
3042 3803 3066 3834 s

657 3933 980 4018 accepisse
1012 3933 1345 3996 duntaxat
1374 3928 1644 3996 domino
1674 3931 1815 4017 regi
1839 3931 2104 4018 Angliae
2135 3931 2552 3999 intimanda?
2619 3935 2760 4022 Ego

659 4056 835 4113 vero,
877 4035 1115 4100 horum
1163 4034 1485 4100 sollicitus
1530 4033 1902 4119 indagator,
1947 4054 2099 4098 cum
2145 4035 2358 4100 multa
2385 4035 2541 4102 hine
2586 4037 2760 4116 inde,

659 4138 831 4202 sicut
875 4157 1017 4202 mos
1080 4141 1199 4212 est,
1262 4155 1503 4201 arcana
1569 4135 2010 4200 scrutantium
2057 4135 2390 4201 volverem
2437 4143 2506 4202 et
2549 4139 2760 4204 revol-

660 4261 900 4315 verem,
979 4238 1245 4304 demum
1317 4258 1362 4301 a
1436 4237 1831 4302 detestando
1911 4236 2026 4301 illo
2090 4237 2236 4322 regi
2309 4237 2758 4325 significatum

662 4341 930 4426 conjeci,
992 4360 1077 4404 ne
1146 4338 1371 4422 aliquo
1438 4338 1633 4402 modo
1696 4343 1928 4402 contra
1989 4336 2304 4402 honorem
2371 4361 2569 4405 suum
2643 4363 2756 4408 seu

662 4444 867 4510 etiam
898 4441 1137 4508 vestris
1168 4440 1568 4506 obsecundet
1596 4440 1966 4518 mandatis3
2009 4439 2386 4525 significans
2417 4443 2760 4510 dominum

662 4566 901 4633 papam
948 4549 1019 4609 et
1080 4541 1444 4610 cardinales
1512 4561 1738 4608 omnes
1802 4541 2069 4608 domino
2137 4543 2276 4628 regi
2340 4545 2647 4625 multum,
2695 4552 2765 4612 et

732 4801 747 4833 ¹
771 4803 903 4866 jam,
923 4816 1021 4850 om.
1046 4801 1111 4850 G.
1691 4793 1701 4862 Ι
1830 4795 1852 4826 2
1885 4796 2134 4859 intimata,
2160 4797 2223 4848 G.
