3634 5800
620 899 753 950 ΑΛ).
791 884 1011 969 1171.]
1493 902 1851 951 EPISTOLAE.
2095 942 2106 957 .
2605 886 2734 953 457

623 1082 670 1148 J
670 1085 1037 1171 erosolyma
1080 1107 1229 1153 cum
1276 1086 1393 1153 illo
1426 1090 1451 1151 2
1543 1087 1769 1151 Turris
1835 1108 1964 1172 quo
2008 1086 2209 1153 altior
2271 1092 2388 1165 est,
2435 1108 2512 1152 eo
2551 1106 2736 1152 casus

624 1186 767 1271 ejus
863 1190 1147 1274 gravior,
1224 1190 1423 1253 ruina
1496 1189 1882 1255 extensione
1955 1189 2183 1274 major,
2289 1188 2739 1274 strepitusque

627 1290 924 1355 cadentis
1000 1296 1070 1355 et
1144 1291 1367 1378 fragor
1384 1290 1409 1330 ¹
1481 1291 1893 1371 terribilior3
1978 1293 2078 1356 ita
2143 1312 2332 1378 reges
2399 1292 2739 1377 (quoniam

626 1390 798 1455 vitia
865 1393 1197 1457 neminem
1255 1394 1461 1458 latere
1530 1394 1838 1479 possunt)
1887 1394 2002 1479 qui
2071 1393 2236 1460 facti
2303 1398 2462 1457 sunt
2525 1397 2764 1479 turres⁸

626 1492 1043 1559 fortitudinis
1094 1496 1399 1581 gentium
1446 1494 1575 1559 sibi
1620 1495 2117 1560 commissarum
2163 1518 2205 1560 a
2251 1495 2418 1560 facie
2485 1493 2739 1560 inimici

628 1594 986 1672 saevientis‚
1059 1596 1326 1681 quando
1397 1596 1778 1681 depravatis
1849 1598 2144 1662 moribus
2193 1603 2264 1661 et
2330 1618 2525 1682 opere
2587 1617 2738 1682 per-

630 1694 772 1759 dito
818 1698 1082 1774 cadunt,
1130 1718 1439 1784 magnam
1502 1704 1780 1763 causant
1848 1698 2112 1763 ruinam
2183 1700 2254 1763 in
2319 1698 2737 1763 subditorum

630 1798 980 1863 mentibus,
1076 1798 1461 1863 Declaravit
1507 1799 1655 1874 Via,
1704 1800 1985 1876 Veritas»,
2055 1806 2123 1863 et
2177 1799 2359 1877 Vita,
2414 1798 2740 1876 Christus,

632 1899 937 1987 princeps
980 1922 1211 1987 regum
1279 1907 1490 1977 terrae,
1536 1922 1670 1965 non
1716 1903 1797 1966 de
1863 1902 2034 1967 malo
2095 1901 2500 1966 mulierculae
2547 1922 2741 1986 opere

632 2022 781 2085 quae
827 2024 897 2066 se
940 2004 1358 2088 sequebatur,
1405 2004 1517 2068 sed
1565 2003 1646 2068 de
1714 2004 2031 2089 principis
2075 2002 2418 2089 apostolici
2471 2003 2742 2069 crimine

634 2102 1195 2169 reformidandum
1288 2105 1478 2183 illud,
1560 2114 1592 2141 “
1638 2105 1757 2170 Vae
1831 2105 2088 2170 homini
2164 2106 2264 2169 illi
2359 2126 2476 2191 per
2545 2126 2740 2189 quem

634 2210 665 2237 ‘⁸
713 2205 1093 2271 scandalum
1140 2206 1362 2271 venit!
1386 2207 1419 2232 ”
1512 2206 1851 2287 Quantum
1897 2206 2090 2292 (proh
2139 2207 2322 2271 dolor
2343 2206 2384 2287 l)
2417 2212 2743 2295 quantum

636 2312 737 2370 est
799 2307 1181 2373 scandalum
1246 2308 1371 2375 hoc
1432 2309 1609 2394 quod
1674 2310 1810 2373 tuis
1888 2310 2218 2396 posuisti?
2309 2310 2599 2375 Manhu!
2663 2313 2741 2373 tu
2767 2304 2962 2421 E¹9²i⁶5

636 2408 865 2493 qualis,
913 2414 992 2473 tu
1036 2415 1327 2495 quantus
1373 2420 1443 2476 et
1488 2411 1637 2496 quis
1680 2432 1770 2486 eS,
1814 2416 1886 2475 et
1930 2410 2095 2496 quid
2140 2410 2411 2478 fecisti?
2502 2408 2736 2475 Viden’
2767 2386 2875 2421 xv1.
2966 2405 2979 2419 ‘

638 2515 863 2573 utrum
931 2510 1055 2576 hoc
1097 2511 1357 2577 facinus
1424 2512 1791 2599 principem
1838 2513 1941 2577 tui
1988 2514 2330 2599 sanguinis
2375 2512 2740 2578 addeceat?

638 2611 927 2677 Posuisti
1034 2614 1500 2681 offendiculum
1596 2615 1920 2679 fratribus
2015 2615 2488 2701 redemptionis
2585 2621 2742 2691 tuae,

639 2713 925 2801 lapidem
974 2716 1351 2781 offensionis
1416 2723 1485 2781 et
1551 2721 1807 2802 petram
1878 2716 2187 2781 scandali.
2281 2717 2598 2803 Magister
2659 2716 2741 2780 de

638 2815 1109 2902 discipulorum
1173 2818 1384 2904 nugiS‚
1452 2818 1759 2882 dominus
1823 2818 1905 2882 de
1971 2839 2307 2883 servorum
2371 2817 2740 2895 insolentia,

639 2923 829 3003 pater
899 2919 979 2984 de
1048 2919 1331 2984 filiorum
1402 2920 1593 2985 malis
1662 2921 1972 2998 moribuS‚
2042 2922 2140 2986 ita
2206 2943 2325 2985 rex
2371 2921 2452 2985 de
2515 2920 2741 2985 subdi-

640 3027 859 3086 torum
937 3023 1310 3088 excessibus
1403 3024 1729 3089 rationem
1815 3024 2047 3089 reddet
2145 3023 2217 3087 in
2293 3023 2399 3088 die
2485 3024 2740 3109 judicii.

643 3124 883 3190 Omnia
927 3123 1191 3189 illorum
1236 3125 1497 3202 scelera,
1542 3125 1682 3190 sive
1727 3126 1906 3191 levia
1948 3126 2086 3191 sive
2131 3126 2380 3211 gravia,
2427 3126 2498 3190 in
2544 3131 2745 3213 caput

640 3249 869 3312 regum
937 3227 1397 3293 refunduntur.
1510 3229 1702 3309 Quod
1777 3230 1853 3305 si,
1929 3229 2072 3294 Deo
2147 3229 2530 3313 inspirante,
2603 3235 2744 3295 tam

640 3328 941 3393 acerbam
987 3351 1186 3415 quam
1246 3329 1558 3394 infamem
1628 3331 1731 3394 tui
1793 3329 2080 3395 nominis
2143 3336 2374 3396 notam
2419 3331 2746 3397 declinare

647 3435 718 3495 et
777 3430 993 3496 delere
1067 3432 1430 3510 meditaris,
1496 3438 1784 3518 quatuor
1859 3431 1960 3497 illi
2023 3433 2260 3510 sicarii,
2330 3455 2450 3499 sua
2511 3435 2747 3500 imma-

642 3534 857 3598 nitate
900 3533 1170 3612 nobileS‚
1220 3535 1537 3598 extremis
1598 3533 1928 3600 afficiendi
1990 3541 2148 3600 sunt
2191 3537 2532 3622 suppliciis
2579 3543 2650 3601 et
2709 3557 2745 3601 e

644 3635 891 3699 finibus
956 3634 1268 3700 humanae
1336 3639 1600 3700 naturae
1677 3641 1840 3699 sunt
1914 3637 2304 3701 eliminandi
2380 3644 2450 3703 et
2525 3644 2762 3704 exter--

644 3737 983 3817 minandi3
1042 3758 1177 3801 non
1230 3737 1508 3822 patiaris
1568 3737 1717 3802 illos
1762 3738 1990 3803 vivere
2038 3738 2112 3802 in
2158 3739 2353 3804 terris
2399 3741 2534 3805 tuis
2564 3764 2580 3821 ;
2627 3762 2750 3806 nec
2774 3745 2884 3796 The
2905 3744 3075 3811 king’s

643 3838 769 3904 hoc
813 3843 883 3903 te
945 3844 1314 3924 praetereat,
1362 3839 1418 3903 si
1468 3839 1822 3904 tolerantia
1889 3845 2008 3904 tua
2052 3846 2172 3905 aut
2240 3841 2748 3927 participatione
2775 3813 3060 3928 ῗξὲξῗζο

646 3963 795 4008 cum
841 3941 976 4006 illis
1021 3948 1307 4026 quatuor
1352 3941 1938 4006 excommunicatis
1985 3943 2238 4007 desiisti
2300 3943 2511 4008 vitam
2559 3944 2750 4029 spiri·
2777 3945 2968 3996 detera.

646 4043 849 4108 talem
894 4043 1137 4120 vivere,
1182 4043 1409 4108 vivere
1478 4043 1631 4108 nolo
1676 4041 1961 4127 amplius
2027 4044 2238 4108 vitam
2301 4045 2749 4130 temporalem.

646 4147 864 4209 Tanta
908 4144 1160 4229 talique
1204 4145 1277 4208 in
1322 4144 1842 4210 consideratione
1889 4144 2067 4230 apud
2116 4166 2219 4209 me
2267 4151 2368 4210 est
2412 4146 2588 4210 salus
2649 4147 2754 4211 tui

648 4245 1061 4323 diadematiS,
1114 4251 1439 4330 quantum
1505 4246 1756 4332 profert
1802 4247 1917 4332 qui
1981 4268 2100 4332 pro
2165 4252 2232 4310 te
2301 4249 2488 4333 cupit
2551 4249 2754 4314 etiam

648 4349 793 4413 fieri
868 4347 1265 4414 amathema.
1376 4347 1649 4426 Vellem,
1695 4349 1954 4414 utinam
2021 4353 2090 4413 te
2158 4370 2502 4434 nunquam
2565 4349 2755 4416 nobis

649 4449 825 4515 bona
870 4449 1116 4524 fecisse,
1163 4447 1497 4533 quoniam,
1555 4453 1747 4534 patre
1792 4468 1835 4512 a
1878 4447 2016 4512 filio
2063 4449 2294 4526 oceis0‚
2339 4449 2527 4515 brevi
2571 4450 2756 4516 Deus

643 4550 877 4636 judex,
940 4549 1183 4635 justae,
1252 4549 1459 4626 fortis,
1526 4549 1643 4634 qui
1704 4555 1924 4615 armat
1991 4556 2360 4616 creaturam
2436 4573 2624 4616 suam
2670 4554 2756 4618 ad

1566 4723 1610 4730 «-

2666 4731 2753 4738 --——-

1524 4820 1537 4850 ¹
1574 4825 1639 4880 et,
1659 4817 1748 4869 ins.
1777 4819 1933 4870 Mart.
