3634 5800
660 868 787 919 ΑΛ).
824 850 1052 934 1172]
1386 834 1401 839 ⁸
1545 864 1913 913 Ems‘roLAE.
2647 848 2774 909 523

663 1049 753 1114 Et
810 1050 935 1116 hoc
997 1052 1215 1136 ipsum
1257 1052 1486 1137 jurare
1554 1051 1714 1116 fecit
1776 1051 1990 1115 filium
2058 1071 2252 1115 suum
2321 1049 2638 1137 majorem
2707 1048 2779 1111 in
2801 1060 2998 1137 legates

659 1150 891 1217 charta
949 1152 1387 1218 absolutionis
1448 1174 1568 1239 pro
1621 1157 1833 1218 morte
1895 1153 2075 1217 beati
2123 1153 2409 1219 Thomas.
2503 1152 2549 1216 J
2552 1150 2782 1216 uravit
2805 1127 3080 1257 ffsslr‘ffg'

660 1254 861 1319 etiam
924 1261 996 1319 et
1054 1254 1203 1331 alia,
1264 1255 1436 1319 clero
1489 1260 1559 1319 et
1626 1255 1872 1341 populo
1939 1254 2136 1319 valde
2203 1254 2587 1331 necessafia,
2634 1274 2782 1337 quae

661 1357 885 1421 omnia
954 1356 1314 1442 diligenter
1378 1361 1447 1421 et
1514 1378 1632 1442 per
1700 1356 2018 1433 ordinem,
2065 1357 2239 1422 sicut
2303 1378 2381 1421 ea
2418 1356 2782 1441 juraverat,

661 1460 733 1523 in
808 1458 1243 1524 absolutionis
1321 1459 1376 1545 ej
1384 1481 1463 1523 us
1542 1459 1772 1525 charta
1841 1459 2359 1546 pernotavimus.
2474 1458 2785 1523 Promisit

662 1562 863 1625 etiam
926 1566 994 1625 et
1054 1561 1187 1625 alia
1247 1561 1330 1625 de
1393 1560 1602 1626 libera
1661 1561 2013 1627 voluntate
2075 1560 2383 1645 gerenda,
2444 1581 2592 1646 quae
2651 1580 2786 1624 non

666 1667 931 1746 oportet
997 1663 1345 1748 scripturae
1410 1663 1577 1727 serie
1646 1662 1978 1728 denotare.
2074 1662 2240 1727 Haec
2300 1666 2530 1727 autem
2583 1662 2784 1746 scrip-

560 1842 567 1847 ,
667 1762 892 1838 simus,
937 1768 1017 1827 ut
1062 1763 1471 1850 cognoscatis
1518 1764 1737 1849 ipsum
1804 1764 2219 1829 obedientem
2265 1763 2411 1828 Deo
2456 1767 2656 1847 atque
2703 1762 2789 1825 ad

668 1864 973 1927 divinum
1020 1864 1409 1948 obsequium
1455 1864 1669 1929 multo
1732 1864 2019 1951 amplius
2081 1886 2279 1949 quam
2326 1864 2542 1929 adhuc
2589 1864 2791 1929 fuerit

669 1964 1060 2029 animatum.
1152 1966 1496 2031 Noveritis
1544 1966 1631 2030 ad
1676 1964 1802 2030 hoc
1842 1965 2056 2029 filium
2088 1987 2282 2029 suum
2329 1966 2410 2030 de
2457 1966 2790 2050 praedictis

670 2066 1265 2131 consuetudinibus
1326 2068 1577 2153 pariter
1646 2088 1797 2132 cum
1863 2089 1939 2132 eo
2000 2068 2273 2152 jurasse.
2371 2067 2546 2133 Sane
2614 2067 2790 2152 quod

672 2167 769 2231 ibi
838 2167 1091 2232 factum
1154 2173 1272 2244 est,
1336 2168 1579 2233 iterato
1658 2169 1892 2246 adhuc,
1955 2190 2038 2233 ne
2115 2169 2553 2234 dubitationis
2611 2168 2792 2233 locus

673 2268 873 2333 alicui
919 2274 1310 2346 remaneret,
1356 2270 1537 2353 apud
1585 2269 1971 2347 cadomum,
2018 2271 2090 2333 in
2134 2270 2371 2355 majori
2414 2269 2794 2355 frequentia

674 2390 1121 2456 personarum,
1197 2370 1461 2456 publice
1538 2372 1777 2437 statuit
1851 2393 1920 2436 se
1997 2376 2315 2436 acturum.
2438 2371 2794 2436 Relaxavit

676 2475 996 2556 praeterea
1072 2471 1408 2557 episcopos
1478 2471 1561 2535 dc
1625 2472 2055 2557 promissione
2119 2494 2317 2557 quam
2379 2472 2442 2537 ei
2503 2472 2796 2537 fecerant

681 2572 764 2635 de
808 2572 1401 2637 consuetudinibus
1448 2573 1931 2650 conservandis,
1977 2580 2048 2638 et
2091 2574 2394 2660 promisit
2439 2574 2616 2657 quod
2658 2595 2794 2639 non

678 2674 905 2759 exiget
950 2673 1025 2737 in
1069 2673 1386 2738 futurum.

770 2872 855 2939 In
886 2873 911 2911 ¹
1002 2876 1289 2940 crastino
1380 2878 1607 2941 autem
1700 2877 1998 2962 praedicti
2093 2878 2460 2944 cardinales
2548 2873 2792 2947 ibidem

679 2976 1186 3042 celebraverunt
1245 2998 1559 3064 magnum
1607 2979 1956 3044 concilium
2003 3001 2152 3045 cum
2199 2981 2683 3070 archiepiscopo
2731 2990 2800 3050 et

680 3080 1003 3165 episcopis
1049 3086 1119 3144 et
1164 3080 1334 3146 clero
1398 3083 1459 3146 N
1468 3083 1850 3160 ormanniae,
1898 3089 1966 3147 et
2009 3083 2104 3148 ibi
2150 3084 2292 3150 haec
2337 3086 2600 3152 decreta
2644 3090 2797 3154 sub-

682 3182 931 3267 scripta
974 3187 1377 3260 statuerunt,
1424 3191 1494 3248 et
1537 3185 1866 3248 universis
1911 3185 2192 3251 firmiter
2221 3191 2290 3252 et
2321 3187 2798 3279 inviolabiliter

682 3284 1140 3368 injunxerunt.

1506 3556 1991 3624 DCOLXXVI.

824 3678 1216 3746 WILLELMO
1260 3681 1667 3748 SENONENSI
1712 3701 2266 3754 ARcmEPIscoro
2311 3691 2360 3757 J
2359 3707 2633 3760 oANNEs

1449 3783 2054 3855 SARESBERIENSIS.

1056 3904 1175 3966 (Jo.
1203 3904 1315 3956 Sar.
1338 3910 1471 3967 Βοῦς
1508 3909 1567 3957 Ζ.
1594 3923 1641 3956 v.
1670 3912 1765 3970 953
1798 3910 1932 3974 Lup.
1956 3928 2006 3961 v.
2032 3919 2132 3973 903
2171 3914 2232 3964 Ο.
2258 3919 2401 3982 219.)

782 4007 1161 4073 Venerabili
1208 4009 1479 4074 domino
1544 4017 1614 4076 et
1674 4014 1854 4097 patri
1899 4017 2235 4084 carissimo
2288 4019 2638 4106 willelmo,
2670 4027 2800 4093 Dei

692 4111 911 4196 gratia
958 4111 1325 4175 Senonensi
1371 4112 1877 4200 archiepiscope,
1943 4125 2013 4183 et
2072 4121 2244 4185 sedis
2289 4128 2663 4209 apostolicae
2709 4131 2801 4196 le-

692 4218 865 4298 gat0‚
940 4233 1099 4276 suus
1167 4212 1214 4276 J
1218 4233 1478 4291 oannes,
1523 4215 1826 4295 salutem,
1897 4225 1966 4284 et
2033 4225 2541 4309 promptissimae
2603 4232 2800 4299 devo-

696 4313 901 4377 tionis
948 4312 1353 4398 obsequium.
1502 4396 1511 4406 .
2444 4359 2452 4367 ·

784 4415 971 4479 Licet
1029 4414 1421 4498 Anglicanae
1484 4416 1771 4484 ecclesiae
1841 4420 2059 4488 adhuc
2126 4427 2347 4509 quoad
2365 4427 2391 4466 ²
2455 4432 2670 4500 multa
2713 4437 2806 4502 sit

687 4517 924 4601 ingens
972 4516 1311 4594 desolatiO,
1372 4518 1649 4584 tristitia
1708 4526 1936 4588 tamen
1977 4525 2158 4591 illius
2194 4528 2338 4614 jam
2385 4554 2470 4597 ex
2513 4539 2805 4604 maxima

761 4689 775 4722 ¹
812 4689 879 4738 In
903 4690 1125 4739 crastino
1172 4727 1187 4740 .
1234 4727 1249 4742 .
1294 4727 1309 4740 .
1356 4677 1708 4757 injunimunt,
1868 4697 1890 4729 ²
1923 4698 2055 4761 quod
2073 4699 2162 4763 ad,
2186 4701 2251 4754 Ο.

692 4785 795 4821 om.
818 4771 884 4822 B.
1470 4798 1477 4805 ·
