3634 5800
491 2521 603 2570 The
622 2533 797 2570 recon-

492 2584 717 2636 ciliation

490 2651 685 2717 brough

497 2720 667 2770 about.

824 866 953 932 326
1706 875 2068 924 nms'rotaffl.
2549 857 2710 942 [an.
2747 854 2942 924 1170-

820 1069 925 1130 tas
992 1062 1279 1130 deducat
1338 1059 1746 1136 Altissimus,
1808 1064 1880 1124 et
1939 1058 2141 1136 faciat
2217 1054 2608 1144 participem
2667 1056 2932 1124 illorum

821 1163 1061 1250 quibus
1106 1163 1180 1228 in
1227 1162 1594 1249 Evangelio
1638 1160 2035 1248 promissum
2081 1163 2183 1224 est
2225 1179 2504 1244 regnum
2547 1157 2883 1226 eoelorum.

1628 1559 2122 1627 DOLXXXIV.

899 1711 1340 1778 ALEXANDRO
1386 1727 1581 1778 PAPAE
1626 1709 1920 1775 Tnoms
1969 1709 2534 1777 CANTUARIENSIS
2581 1725 2835 1774 Anem-

1692 1827 2072 1892 muscorus

1072 1963 1169 2028 (A.
1194 1968 1292 2014 352
1314 1983 1327 2024 ς
1366 1963 1428 2016 Ο.
1452 1963 1506 2013 ii.
1530 1968 1663 2024 3033
1699 1963 1757 2014 Z.
1780 1979 1833 2012 v.
1859 1965 1952 2022 463
1990 1963 2118 2026 Lup.
2143 1977 2195 2011 v.
2220 1966 2284 2012 45
2305 1981 2319 2022 ς
2353 1962 2535 2013 Thom.
2561 1965 2670 2024 25.)

914 2093 1341 2159 Serenissimo
1410 2092 1677 2158 domino
1756 2097 1827 2158 et
1887 2091 2066 2179 patri
2142 2091 2474 2157 carissimo
2541 2091 2922 2158 Alexandro

824 2196 950 2260 Dei
992 2194 1210 2281 gratia
1252 2215 1509 2260 summo
1552 2193 1872 2280 pontifici,
1921 2192 2221 2271 Thomas,
2269 2203 2514 2261 sanetae
2575 2193 2926 2261 Cantuari-

823 2299 994 2363 ensis
1038 2297 1323 2364 ecclesiae
1368 2297 1675 2363 minister
1718 2295 2019 2375 humilis,
2051 2296 2332 2362 salutem
2363 2301 2434 2362 et
2463 2319 2744 2375 omnem,
2775 2320 2925 2365 cum

823 2419 1081 2464 summa
1124 2398 1493 2476 devotione,
1540 2398 2006 2465 obedientiam.

914 2500 1357 2566 Miserationis
1402 2499 1589 2566 oculo
1650 2500 1946 2586 respexit
1988 2500 2172 2566 Deus
2231 2499 2568 2566 ecclesiam
2610 2521 2813 2579 suam,
2862 2507 2930 2567 et

826 2601 1095 2668 tandem
1168 2600 1516 2667 tristitiam
1589 2599 1799 2688 ipsius
1821 2600 1846 2638 ¹
1941 2601 2012 2664 in
2101 2601 2407 2666 laetitiam
2481 2602 2930 2668 commutavit.

828 2703 971 2769 Nec
1014 2703 1309 2781 dubium,
1355 2707 1563 2788 pater,
1612 2702 1791 2788 quin,
1839 2701 1897 2766 si
1951 2702 2140 2768 nobis
2189 2722 2348 2767 vera
2411 2703 2782 2769 dicentibus
2847 2704 2932 2770 ab

828 2805 1021 2871 initio
1096 2805 1331 2871 fuisset
1404 2805 1746 2884 creditum,
1824 2825 2069 2872 cornua
2134 2805 2646 2871 retunderentur
2712 2827 2936 2872 eorum

827 2911 943 2997 qui
989 2911 1423 2987 ventilabam,
1470 2911 1912 2989 conterebant,
1959 2918 2030 2979 et
2071 2911 2292 2977 variis
2355 2911 2567 2998 plagis
2631 2912 2936 2979 vulnera-

830 3016 993 3081 bant
1038 3016 1390 3095 ecclesiam,
1446 3022 1541 3092 ut,
1588 3017 2030 3081 exterminata
2093 3037 2356 3101 prorsus
2416 3016 2725 3082 libertate
2791 3019 2932 3104 ejus

830 3121 900 3183 et
944 3122 1263 3182 evacuata
1306 3115 1699 3182 auctoritate
1745 3115 1996 3182 divinae
2040 3104 2224 3203 legis,
2268 3117 2574 3204 vigerent
2589 3115 2616 3155 2
2661 3138 2930 3184 consue-

830 3218 1096 3283 tudines
1141 3224 1261 3283 aut
1304 3218 1525 3303 potius
1570 3218 1918 3283 abusiones
1967 3224 2266 3283 veterum
2311 3224 2767 3304 tyrannorum,
2797 3220 2930 3287 Ro-

826 3339 1060 3383 manus
1104 3320 1407 3404 pontifex
1453 3319 1814 3385 nesciretur
1859 3320 1931 3383 in
1976 3318 2236 3405 Anglia,
2269 3324 2340 3384 et
2383 3341 2638 3405 sponsae
2683 3320 2933 3388 Christi

826 3419 1175 3505 privilegia
1220 3420 1361 3486 sine
1407 3420 1840 3506 reparationis
1903 3442 2018 3506 spe
2064 3420 2450 3487 delerentur.
2544 3422 2709 3489 Ecce
2755 3424 2932 3488 enim

828 3521 917 3587 ad
959 3522 1348 3588 novissimas
1371 3523 1649 3588 ·litteras
1696 3528 1968 3601 vestras,
2015 3523 2256 3608 quibus
2301 3523 2568 3590 domino
2613 3526 2753 3611 regi
2787 3528 2927 3591 An-

828 3623 1083 3710 glorum
1132 3624 1428 3689 innotuit
1472 3623 1651 3710 quod
1696 3626 1757 3689 ei
1821 3624 2098 3690 ulterius
2146 3646 2278 3690 non
2342 3627 2708 3711 parceretis,
2755 3629 2930 3693 sicut

830 3746 950 3792 nec
992 3726 1377 3811 pepercistis
1428 3726 1771 3791 Frederico
1833 3726 2010 3792 dicto
2073 3727 2470 3813 imperatori,
2521 3750 2670 3794 cum
2738 3730 2931 3795 intel-

828 3826 1099 3891 lexisset
1144 3833 1385 3893 terram
1432 3828 1591 3913 ejus,
1620 3827 1860 3893 amotis
1893 3828 2197 3893 omnibus
2241 3828 2695 3917 subterfugiis,
2727 3832 2931 3895 inter-

832 3927 1009 3995 dicto
1054 3929 1528 4016 subjiciendam
1575 3951 1735 4007 esse,
1781 3935 1852 3994 et
1895 3930 2246 4016 episcopos,
2291 3931 2350 3995 si
2395 3932 2509 4016 qui
2555 3932 2724 3997 forte
2746 3930 2773 3971 ³
2801 3954 2936 3998 non

831 4029 1188 4108 obedirent,
1234 4031 1723 4117 suspendendos
1771 4035 1841 4095 et
1885 4031 2562 4111 excommunicandoS,
2595 4034 2771 4098 illico
2817 4056 2934 4100 no-

830 4128 1081 4196 biscum
1126 4153 1354 4216 pacem
1398 4132 1563 4198 fecit
1605 4132 1689 4197 ad
1754 4132 2068 4197 honorem
2115 4133 2260 4209 Dei,
2307 4138 2376 4198 et
2419 4134 2776 4201 maximam
2824 4137 2934 4219 (ut

830 4230 1201 4319 speramus)
1246 4234 1529 4300 ecclesiae
1576 4233 1953 4299 utilitatem.
2049 4235 2223 4299 Nam
2288 4235 2371 4299 de
2439 4238 2934 4301 consuetudini·

830 4332 971 4409 buS,
1020 4356 1181 4419 quas
1248 4339 1443 4400 tanta
1501 4335 1866 4421 pertinacia
1912 4337 2258 4403 vendicare
2320 4345 2760 4417 consueverat,
2807 4361 2927 4406 nec

828 4434 1073 4499 mutire
1120 4438 1553 4522 praesumpsit.
1650 4436 1932 4501 Nullum
1984 4460 2025 4503 a
2085 4438 2295 4516 nobie,
2339 4439 2446 4503 vel
2509 4439 2595 4505 ab
2617 4438 2644 4477 ⁴
2707 4441 2931 4529 aliquo

898 4658 915 4689 ¹
950 4660 1124 4723 ipsius,
1152 4661 1219 4720 A,
1247 4662 1311 4721 O,
1334 4662 1375 4711 Z
1396 4681 1409 4722 ;
1446 4664 1567 4726 ejus,
1588 4664 1655 4715 L.
2003 4664 2025 4696 ³
2060 4666 2107 4713 si
2127 4665 2388 4729 quiforle,
2411 4681 2510 4717 om.
2535 4668 2604 4718 A.

896 4738 917 4769 2
952 4739 1249 4802 infir-erent,
1274 4739 1339 4791 L.
1548 4814 1555 4821 .
2005 4744 2026 4775 ⁴
2061 4742 2144 4805 ab,
2167 4758 2268 4794 om.
2293 4744 2353 4794 L.
