3634 5800
635 849 773 905 Am.
806 836 1028 921 1171.]
1510 850 1872 901 emsa-ota
2621 836 2752 898 483

638 1024 708 1085 et
752 1021 1033 1087 studiosi
1076 1022 1365 1101 fuerunt,
1412 1028 1481 1088 et
1526 1023 1815 1087 maxime
1863 1020 2178 1107 praefatus
2231 1019 2752 1094 archidiaconus,

635 1125 705 1183 et
748 1121 1065 1207 magister
1110 1122 1408 1208 D[av·id],
1457 1128 1807 1209 postquam
1868 1121 2260 1207 R[ieardus]
2324 1121 2537 1186 socius
2604 1118 2750 1185 illo-

638 1242 789 1285 rum
807 1221 832 1260 ¹
898 1243 940 1289 a
984 1228 1213 1290 nostra
1274 1224 1459 1291 ouria
1525 1228 1899 1301 recesserat,
1962 1244 2099 1289 non
2166 1221 2378 1287 solum
2447 1223 2620 1287 sieut
2683 1226 2752 1285 et

638 1325 859 1389 eaeteri
902 1325 991 1391 ad
1018 1327 1499 1413 promotionem
1544 1326 1797 1413 negotii
1828 1325 1934 1391 tui
1977 1346 2128 1391 eum
2161 1324 2328 1401 aliis,
2360 1324 2474 1389 sed
2505 1324 2708 1388 etiam
2725 1320 2752 1359 2

637 1424 780 1490 sine
841 1426 991 1503 illis,
1038 1427 1317 1494 discrete
1375 1450 1453 1495 ae
1511 1428 1788 1493 sollicite
1850 1428 2257 1493 laborarunt.
2380 1426 2630 1489 Verum
2693 1424 2750 1488 si

640 1524 724 1589 de
770 1526 903 1591 illis
948 1528 1021 1592 in
1063 1528 1211 1594 aliis
1256 1529 1499 1595 litteris
1544 1530 1791 1595 nostris
1835 1529 2244 1595 mentionem
2291 1548 2428 1592 non
2456 1525 2748 1600 fecimus,

642 1629 870 1694 mirari
929 1653 1064 1698 non
1109 1632 1327 1711 debes,
1372 1653 1495 1699 nee
1538 1632 1611 1697 id
1655 1632 1791 1699 alia
1838 1633 2066 1698 eredas
2112 1630 2370 1697 ratione
2417 1630 2752 1704 omissum,

640 1731 771 1795 nisi
835 1733 993 1818 quia
1054 1734 1323 1801 secundi
1387 1733 1613 1799 nuntii
1675 1734 1798 1812 tui,
1848 1755 1967 1820 pro
2015 1754 2092 1799 eo
2162 1732 2334 1817 quod
2404 1750 2555 1797 eum
2617 1730 2753 1794 illis

640 1850 774 1900 non
820 1840 1158 1914 venerant,
1204 1835 1381 1921 ipsos
1443 1835 1515 1899 in
1576 1835 1820 1901 litteris
1881 1835 2020 1899 suis
2089 1833 2406 1899 nolebant
2464 1820 2754 1917 apponi:

644 1940 776 2019 sed,
822 1940 997 2007 sieut
1039 1941 1315 2007 verbum
1374 1941 1631 2028 gratius
1694 1946 1763 2006 et
1824 1941 2038 2027 magis
2101 1943 2443 2025 aoeeptum
2510 1937 2755 2003 attule-

644 2048 815 2121 rant,
879 2043 973 2109 sie
1034 2064 1418 2130 responsum
1484 2043 1683 2128 regiae
1754 2041 2158 2107 sublimitati
2230 2040 2352 2106 soli
2421 2044 2754 2125 reportare

647 2144 979 2223 volebant,
1024 2146 1180 2213 lieet
1242 2150 1621 2213 constanter
1682 2148 2129 2232 proponerent
2193 2141 2370 2228 quod
2433 2162 2544 2207 eos
2604 2145 2758 2226 post

647 2245 1011 2313 adventum
1056 2268 1251 2313 suum
1282 2248 1364 2313 de
1409 2248 1724 2313 mandato
1768 2247 1950 2333 regio
1970 2244 1996 2283 ³
2043 2244 2446 2310 detinebant.
2541 2242 2782 2323 Quare.

645 2369 765 2413 nos
832 2348 989 2414 fidei
1056 2355 1124 2413 et
1190 2348 1637 2427 sollicitudini,
1686 2371 1886 2435 quam
1954 2348 2126 2413 cirea
2186 2346 2562 2431 injunctum
2629 2343 2758 2407 sibi

648 2454 718 2515 et
790 2450 985 2517 sociis
1068 2472 1293 2517 eorum
1394 2452 1736 2540 negotium
1812 2450 2207 2525 habuerunt,
2282 2445 2759 2532 significatione

651 2552 1079 2638 praesentium
1140 2554 1599 2619 testimonium
1662 2551 1978 2618 duximus
2042 2548 2538 2636 perhibendum,
2590 2568 2760 2632 prae-
2786 2572 2954 2623 These

650 2654 881 2719 sertim
926 2676 1077 2721 eum
1121 2655 1472 2742 indignum
1519 2660 1693 2723 esset
1743 2659 1824 2718 ut
1869 2653 1986 2739 qui
2045 2652 2118 2715 in
2177 2650 2286 2715 his
2343 2669 2480 2714 non
2538 2648 2760 2713 minus
2785 2640 2950 2756 {mileu
2969 2645 3058 2689 Μ(

650 2754 1014 2821 efficaciter‘
1045 2755 1195 2821 aliis
1256 2756 1665 2837 laborarunt,
1718 2754 1834 2821 sed
1879 2775 2028 2821 oum
2085 2753 2180 2819 eis
2226 2752 2452 2838 potius
2499 2750 2572 2815 in
2616 2754 2761 2817 toto
2786 2720 3098 2836 lgokefssr‘

649 2857 916 2945 negotio
961 2878 1167 2944 usque
1220 2857 1308 2923 ad
1351 2856 1982 2926 consummationem
2044 2857 2395 2931 steterunt,
2439 2842 2762 2920 minorem
2788 2839 2875 2889 '⁵¹¹⁰
2898 2838 3036 2904 ¹⁶¹¹ss-

651 2981 695 3026 a
738 2961 920 3046 regia
964 2961 1421 3028 munificentia
1464 2961 1751 3049 gratiam
1803 2958 2108 3025 obtinere
2153 2956 2493 3024 deberent.

1550 3477 1870 3544 DOCLV.

870 3659 1315 3724 ALEXANDER
1361 3672 1539 3722 PAPA
1582 3672 1680 3721 AD
1726 3657 2034 3721 Josomu
2079 3653 2563 3720 Tononsnsm

1404 3773 2027 3824 Ancmnmscoruu.

1168 3950 1449 4014 (Mar-tene,
1476 3949 1629 4000 Thes,
1654 3949 1788 3999 Nov.
1813 3948 2033 4007 Aneed.,
2056 3945 2088 3997 ἰ.
2113 3946 2256 4008 569.)

756 4124 1136 4190 Alexander
1204 4124 1566 4209 episcopm,
1614 4144 1844 4187 servus
1910 4141 2244 4185 servorum
2311 4117 2454 4195 Dei,
2500 4138 2770 4182 venera-

663 4228 911 4294 bilibus
986 4225 1309 4291 fratribus
1378 4223 1425 4289 J
1428 4225 1659 4309 o[soio]
1728 4223 2095 4288 Turonensi
2157 4219 2638 4306 archiepiscopo
2707 4224 2777 4283 et

665 4329 993 4394 universis
1038 4329 1468 4414 suffraganeis
1515 4327 1673 4411 ejus,
1722 4328 1792 4390 et
1854 4321 2304 4389 ecelesiasticis
2364 4321 2660 4407 personis
2704 4321 2777 4383 in

1078 4517 1156 4523 ---
1199 4517 1216 4522 .-
1228 4517 1244 4520 -
1256 4513 1552 4522 ———-.-.-—

660 4521 754 4528 ..—

730 4604 745 4634 ¹
780 4619 961 4662 eor-tun,
983 4603 1096 4652 Liv.
1708 4593 1717 4604 ’
1829 4594 1850 4626 ³
1883 4597 2038 4659 regie,
2061 4593 2173 4645 Liv.

728 4683 750 4714 2
786 4690 851 4741 et,
873 4681 986 4731 Liv.
1706 4617 1718 4724 l

2280 4777 2331 4824 H
2367 4777 2417 4824 H
2467 4765 2506 4824 2
