3634 5800
896 852 980 917 92
1773 870 2130 921 EP1sroLAE.
2614 858 2775 943 [ΑΒ.
2811 863 3001 927 1169·

892 1055 1034 1115 tum
1068 1057 1186 1129 est,
1233 1053 1375 1118 sine
1422 1075 1568 1119 mea.
1613 1054 1888 1121 licentia
1933 1059 2001 1121 et
2033 1056 2435 1121 conscientia
2467 1057 2685 1123 exivit
2728 1057 2815 1122 ab
2859 1056 3002 1123 An-

892 1154 1041 1239 glia„
1090 1161 1159 1219 et
1203 1161 1358 1241 post
1388 1157 1646 1222 exitum
1680 1156 1822 1240 ejus
1869 1179 1974 1223 me
2019 1158 2198 1243 apud
2242 1159 2584 1245 religiosos
2631 1160 2808 1226 viros
2853 1181 2998 1228 cru-

892 1258 1189 1323 delitatis
1234 1258 1596 1324 notabilem
1640 1260 1874 1325 haberi
1905 1261 2141 1339 voluit,
2172 1261 2246 1325 in
2276 1282 2383 1327 me
2413 1266 2575 1327 vota
2617 1263 2998 1350 principum

892 1363 959 1422 et
1005 1359 1386 1424 clericorum
1434 1381 1821 1445 provocanS‚
1853 1366 1923 1426 et
1967 1360 2193 1426 odium
2238 1362 2544 1447 gentium
2591 1368 2991 1430 exterarum.

896 1459 1016 1523 Pro
1078 1460 1408 1545 petitione
1476 1465 1704 1524 tamen
1749 1466 1820 1525 et
1886 1445 2268 1527 reverentia
2311 1468 2382 1528 et
2445 1484 2673 1529 amore
2741 1464 2996 1530 domini

892 1581 1098 1646 papae,
1144 1561 1302 1626 lieet
1347 1560 1516 1625 mihi
1561 1562 2034 1646 gravissimum
2094 1568 2284 1640 esset,
2331 1567 2403 1627 et
2445 1565 2784 1631 voluntati
2831 1587 2995 1632 meae

892 1664 1248 1729 admodum
1293 1685 1692 1749 repugnem,
1724 1669 1794 1729 et
1837 1665 2003 1729 mihi
2051 1664 2588 1731 molestissimum
2635 1667 2996 1746 videretur,

888 1766 1171 1831 concedo
1219 1765 1397 1851 quod
1443 1767 1584 1852 ipse
1645 1767 1877 1831 redeat
1939 1767 2013 1831 in
2057 1768 2394 1855 Angliam,
2440 1774 2511 1833 et
2575 1769 2825 1836 habeat
2887 1793 2991 1836 ar-

888 1868 1450 1954 chiepiscopatum
1517 1890 1714 1934 suum
1782 1890 1934 1934 eum
2002 1892 2082 1935 ea
2155 1871 2550 1956 integritate
2626 1892 2779 1938 eum
2859 1895 2991 1959 qua

888 1971 1076 2035 illum
1139 1971 1381 2036 habuit
1445 1972 1712 2056 quando
1775 1969 1968 2035 illum
2037 1970 2310 2051 dimisit,
2376 1977 2445 2037 et
2512 1974 2618 2038 sui
2685 1974 2995 2040 similiter

888 2094 1007 2138 sua
1050 2071 1396 2138 habeant·
1455 2072 1545 2137 Et
1588 2073 1729 2158 ipse
1776 2078 1847 2137 et
1891 2074 1997 2137 sui
2041 2094 2270 2158 pacem
2315 2073 2610 2139 habeant
2655 2075 2741 2140 ad
2787 2076 2992 2142 hono·

884 2196 1019 2238 rem
1068 2173 1197 2239 Dei
1244 2179 1313 2238 et
1357 2175 1509 2252 mei,
1553 2174 1759 2239 salvis
1823 2173 2270 2260 dignitatibus
2316 2176 2507 2261 regni
2552 2177 2699 2242 mei.
2796 2176 2989 2256 Quod

884 2282 1108 2341 autem
1140 2276 1333 2341 vobis
1356 2276 1382 2315 ¹
1426 2276 1695 2341 brevius
1725 2276 1805 2340 de
1852 2277 2167 2363 praesenti
2210 2277 2497 2362 negotio,
2531 2299 2729 2363 quam
2773 2279 2987 2344 solen-

884 2379 1076 2455 niter,
1122 2378 1364 2465 quibus
1428 2377 1886 2464 praesentibuS‚
1930 2384 2155 2443 aetum
2200 2379 2309 2456 sit,
2355 2400 2440 2443 ex
2498 2378 2743 2444 litteris
2788 2380 2988 2445 datur

884 2479 1183 2566 intelligi,
1231 2479 1424 2544 vobis
1469 2479 1859 2565 diligentius
1904 2484 1973 2544 et
2017 2480 2281 2564 plenius
2327 2479 2743 2546 intimabunt
2785 2503 2984 2567 vene-

884 2580 1124 2645 rabiles
1187 2580 1427 2645 fratres
1487 2581 1697 2644 vestri
1762 2580 1878 2665 qui
1942 2579 2258 2644 aderant:
2318 2579 2529 2646 frater
2575 2581 2934 2647 Gaufridus
2954 2597 2988 2631 ⁸

883 2683 963 2746 de
1007 2681 1435 2758 AltisiodorO,
1481 2681 1688 2747 abbas
1734 2681 1816 2745 (le
1867 2680 2390 2758 Mortuo-Mari?
2455 2682 2660 2748 abbas
2706 2684 2789 2748 de
2836 2685 2987 2749 Bel-

880 2783 1044 2860 bee‚³
1087 2784 1291 2848 abbas
1337 2783 1417 2848 de
1463 2781 1833 2861 Rievallis,⁴
1858 2782 2135 2867 quibus,
2169 2788 2248 2848 ut
2292 2784 2498 2862 decet,
2542 2784 2740 2850 fidem
2785 2786 2985 2853 habe-

884 2885 1058 2951 bitis,
1151 2885 1598 2952 Universitati
1644 2889 1874 2951 autem
1917 2889 2160 2950 vestrae
2206 2885 2581 2952 dissuasum
2626 2909 2766 2952 esse
2812 2888 2982 2954 desi·

880 2989 1035 3054 dero
1080 3010 1165 3053 ne
1199 2989 1280 3053 de
1311 2994 1549 3054 caetero
1596 2992 1737 3052 tam
1782 2987 2046 3052 facilem
2094 2986 2466 3053 adhibeatis
2496 2990 2978 3069 credulitatem,

876 3089 932 3153 si
999 3090 1148 3175 quis
1214 3091 1287 3153 in
1349 3089 1710 3174 perniciem
1786 3108 2002 3152 meam
2025 3088 2050 3126 ⁵
2121 3087 2202 3152 de
2279 3110 2382 3152 me
2446 3089 2634 3154 vobis
2709 3091 2982 3156 sinistra

876 3192 1230 3278 praedieare
1290 3196 1360 3255 et
1416 3190 1815 3277 persuadere
1875 3188 2182 3255 voluerit.
2258 3188 2583 3256 Praeterea
2641 3191 2981 3257 dilectioni

880 3301 1115 3359 vestrae
1144 3298 1367 3380 grates
1397 3293 1632 3359 uberes
1675 3291 1969 3368 exsolve,
2001 3292 2179 3376 quod
2207 3292 2294 3357 ad
2324 3293 2716 3377 petitionem
2762 3316 2977 3359 meam

876 3397 1147 3461 fratrem
1210 3394 1609 3460 Gaufridum
1677 3393 1846 3458 mihi
1907 3393 2204 3458 misistis.
2329 3394 2418 3486 Et
2483 3416 2664 3460 nuno
2729 3395 2974 3461 iterum

876 3497 1232 3583 diligenter
1298 3501 1454 3581 peto
1519 3500 1852 3581 quatenus
1915 3494 2200 3559 eundem
2276 3515 2473 3579 quam
2542 3496 2741 3562 citius
2808 3497 2977 3562 mihi

876 3599 1251 3665 remittatis,
1342 3596 1409 3661 N
1413 3597 1801 3662 eeessariam
1851 3594 2029 3660 enim
2075 3595 2243 3661 mihi
2287 3597 2428 3680 ejus
2490 3597 2794 3684 intelligo
2842 3599 2976 3665 dis-

872 3701 1229 3766 cretionem
1261 3704 1330 3764 et
1371 3699 1817 3785 prudentiam,
1849 3703 1931 3762 ut
1971 3696 2139 3761 mihi
2183 3718 2474 3783 praesens
2514 3699 2707 3776 adsit,
2739 3705 2809 3764 et
2853 3701 2974 3766 ali-

872 3803 1189 3887 quamdiu
1234 3801 1609 3887 propinqua
1637 3799 1807 3863 mihi
1852 3799 1996 3884 ejus
2041 3799 2131 3864 sit
2153 3796 2180 3836 ⁶
2223 3800 2656 3866 conversatio,
2734 3801 2930 3867 Teste
2948 3802 2974 3844 ⁷

872 3907 947 3972 G.
995 3904 1461 3971 archidiacono
1507 3903 1690 3988 apud
1737 3902 2017 3967 Rurum.

935 4107 953 4140 ²
990 4105 1143 4165 vobis,
1166 4121 1267 4155 om.
1293 4105 1358 4156 Ο.
2035 4099 2056 4131 ⁸
2091 4116 2259 4161 meam,
2283 4101 2354 4160 A,
2388 4102 2490 4161 A‘,
2530 4101 2601 4164 Z;
2639 4119 2727 4163 me,
2753 4104 2831 4166 03
2865 4121 2968 4155 om.

933 4185 955 4219 ²
992 4181 1367 4243 Morta-Mari,
1387 4182 1459 4230 V.
1967 4178 2028 4230 L.

933 4265 956 4297 ³
989 4262 1193 4323 Belbec,
1212 4262 1293 4322 A;
1329 4259 1522 4321 Balteo,
1534 4259 1605 4321 V,
1624 4257 1670 4311 Ο
1686 4279 1700 4320 ;
1739 4257 1867 4308 Bel·
2033 4256 2055 4289 ⁶
2088 4258 2172 4316 sit,
2195 4273 2298 4306 om.
2321 4256 2382 4307 L.

868 4342 1040 4403 Ωιι.
2033 4335 2054 4373 7
2101 4336 2249 4385 Teste
2284 4372 2298 4386 .
2335 4371 2348 4386 .
2387 4373 2398 4386 .
2433 4336 2650 4399 Rarum,
2672 4353 2772 4390 om.
2807 4340 2866 4402 Z,
2889 4341 2934 4391 L

935 4423 953 4451 ⁴
984 4418 1257 4481 Rievallis,
1304 4418 1421 4477 A*;
1483 4415 1754 4477 Riwallis,
1801 4416 1866 4475 Ο,
1968 4415 2206 4466 Buram?

872 4501 918 4550 A
935 4520 950 4559 ;
995 4496 1234 4558 Rievalle,
1257 4497 1316 4547 L.

930 4687 953 4708 ⁸
987 4677 1250 4741 Forma-15
1272 4680 1528 4739 secretary
1552 4681 1606 4724 to
1632 4674 1707 4726 St.
1734 4674 1984 4733 Bernard,
2017 4675 2118 4723 and
2153 4674 2310 4724 abbot
2333 4674 2392 4724 of
2433 4674 2734 4727 Clairvaux.
2804 4676 2964 4729 Briol.

868 4756 969 4809 xvi.
994 4759 1111 4809 378.
