3634 5800
916 717 1046 779 480
1792 734 2150 785 Ensromss.
2643 726 2801 808 [Am.
2835 725 3032 795 1170.

914 917 1357 982 demnationis
1402 918 1495 983 ad
1540 918 1745 983 solam
1809 921 1970 1005 ejus,
2019 941 2218 1005 quam
2271 922 2519 985 famam
2567 922 2818 997 dicunt,
2863 922 3020 985 sim-

914 1019 1149 1103 plicem
1195 1020 1593 1085 relationem.
1688 1022 2049 1107 Siquidem,
2095 1024 2165 1086 ni
2196 1024 2404 1101 fallor,
2451 1024 2706 1089 viribus
2735 1025 2894 1089 totis
2925 1024 3021 1089 la-

914 1121 1105 1186 borat
1180 1123 1431 1187 domini
1506 1144 1693 1209 papae
1784 1130 1854 1189 et
1927 1124 2065 1189 fere
2140 1126 2348 1190 totius
2423 1127 2624 1193 curiae
2713 1128 3018 1201 intentiO,

914 1226 1205 1309 exceptis
1252 1226 1475 1310 paucis
1522 1247 1799 1311 quorum
1845 1227 2078 1312 gratiae
2108 1250 2243 1304 voe,
2291 1233 2370 1291 ut
2415 1228 3019 1315 potui‚·conciliavi,

915 1332 992 1391 ut
1056 1327 1255 1391 etiam
1276 1326 1297 1363 1
1362 1348 1511 1392 cum
1580 1327 1723 1413 ipso
1786 1329 2053 1394 domino
2129 1350 2279 1416 rege
2367 1336 2590 1395 nostro
2665 1330 2746 1395 de
2823 1350 3022 1415 poena

914 1428 1175 1493 mitiore
1198 1427 1223 1466 2
1285 1430 1613 1516 transigat
1674 1436 1754 1493 ut
1800 1452 1918 1495 vos
1964 1437 2033 1495 et
2097 1431 2468 1497 trinitatem
2532 1438 2822 1497 vestram
2897 1432 3022 1515 (sic

577 1536 693 1615 The
715 1541 886 1603 pope’s
916 1528 1091 1593 enim
1138 1530 1442 1594 dominus
1486 1552 1661 1616 papa
1704 1530 2028 1616 loquitur)
2080 1552 2279 1617 poena
2322 1532 2587 1597 duriore
2635 1532 2892 1609 efficiat,
2940 1538 3020 1596 ut

572 1607 758 1670 9⁰¹¹05·
912 1650 1109 1715 poena
1157 1636 1374 1696 vestra
1404 1636 1597 1696 terrae
1628 1632 1718 1695 sit
1762 1632 1848 1696 ad
1895 1631 2287 1717 exemplum,
2335 1638 2404 1696 et
2450 1638 2666 1697 metus
2697 1630 3020 1697 efficiatur

910 1732 1365 1797 universorum
1428 1732 1615 1817 quasi
1638 1730 1665 1768 ³
1716 1738 1947 1799 contra
2011 1733 2346 1799 ecclesiam
2407 1734 2816 1820 principibus
2879 1734 3018 1798 suis

910 1832 993 1897 de
1020 1838 1255 1898 caetero
1286 1833 1784 1898 assistentium.⁴
1860 1834 2038 1899 Satis
2084 1836 2260 1899 enim
2292 1835 2420 1899 erit
2464 1834 2560 1899 eis
2605 1856 2821 1920 regem
2853 1855 3016 1919 quo-

571 2002 651 2055 Ch
909 1954 1163 2018 cunque
1244 1933 1434 1999 modo
1510 1935 1850 2013 sustinere,
1914 1940 1992 1999 ut
2067 1935 2140 1998 in
2209 1956 2324 1999 vos
2401 1935 2670 1999 valeant
2743 1933 3016 1999 liberius

574 2017 883 2133 αεξᾙῗὼθ
914 2032 1245 2099 desaevire.
1337 2038 1711 2121 Arguerent
1771 2058 1890 2101 vos
1963 2036 2292 2123 praecipue
2354 2036 2549 2121 quod,
2611 2035 2882 2101 consilio
2943 2041 3015 2100 et

567 2135 769 2203 bishop.
904 2136 1142 2202 callida
1203 2138 1686 2204 machinatione
1738 2138 1811 2202 in
1874 2142 2150 2202 mortem
2218 2137 2470 2201 domini
2517 2135 3015 2201 cantuariensis

906 2238 1155 2331 ieritis;
1200 2244 1551 2325 arguerent
1597 2239 1772 2324 quod
1819 2238 2071 2304 domini
2116 2260 2306 2324 papae
2352 2226 2865 2324 prohibitionem
2929 2238 3014 2301 de

904 2361 1041 2404 non
1085 2341 1454 2405 coronando
1501 2340 1638 2404 filio
1685 2340 1858 2425 regis
1903 2340 2300 2426 spreveritis,
2393 2338 2524 2405 Sed
2569 2338 2674 2403 his
2739 2339 2811 2401 in
2858 2360 3012 2404 con-

901 2442 1196 2517 trarium,
1268 2442 1445 2508 facto
1508 2443 1668 2526 ipso,
1737 2440 2042 2525 quamvis
2101 2439 2174 2503 in
2249 2440 2529 2525 private,
2601 2438 2798 2503 fidem
2867 2437 3012 2504 feci.

902 2542 1165 2629 Negata
1210 2549 1309 2607 est
1356 2544 1530 2607 enim
1578 2541 1741 2605 mihi
1787 2562 1987 2626 super
2029 2542 2134 2605 his
2179 2539 2518 2605 audientia
2587 2541 2655 2603 in
2702 2538 3012 2626 publico.⁸

564 2628 854 2747 Ξὲἑξῑὲξω
906 2632 1120 2728 Super
1189 2644 1386 2708 verbo
1434 2648 1671 2707 vestra>
1736 2641 2196 2717 restitutionis
2245 2640 2836 2726 supplicationibus
2901 2641 3010 2705 vel

564 2761 827 2839 his-resto-
901 2746 1256 2829 promissis,
1301 2744 1653 2809 blanditiis
1701 2744 1808 2808 vel
1853 2744 2067 2820 minis»,
2113 2741 2284 2806 nihil
2329 2748 2583 2809 certum
2628 2764 2670 2805 a
2739 2741 3007 2807 domino

561 2836 741 2879 ‘³³⁰⁰‘
898 2868 1071 2932 papa
1119 2852 1339 2912 tenere
1384 2846 1591 2932 potui,
1638 2845 1768 2910 nisi
1834 2845 2010 2930 quod
2057 2844 2406 2929 quemdam
2453 2845 2746 2930 legatum
2791 2864 3007 2920 suum,

899 2972 1093 3034 quem
1138 2949 1374 3026 nescio,
1420 2948 1506 3012 ad
1550 2954 1772 3034 partes
1819 2947 1966 3011 illas
2030 2948 2348 3011 missurus
2394 2951 2512 3022 est,
2560 2946 2691 3031 qui,
2737 2953 3004 3031 accepto

894 3072 936 3114 a
1003 3051 1191 3116 vobis
1249 3051 1629 3135 juramento
1692 3070 1809 3113 vos
1879 3053 2142 3113 tantum
2165 3047 2191 3085 ⁶
2258 3047 2573 3122 absolvet,
2637 3052 2706 3111 ct
2750 3047 3004 3111 domini

898 3173 1087 3237 papae
1134 3151 1522 3216 mandatum
1570 3148 1759 3215 vobis
1805 3149 2130 3234 injunget,
2177 3148 2286 3213 vel
2331 3171 2372 3212 a
2415 3147 2604 3213 vobis
2649 3147 2885 3212 audita
2913 3147 3001 3213 ad

894 3275 1045 3317 eum
1111 3253 1366 3330 referet,
1432 3253 1614 3338 prius
1678 3257 1903 3316 tamen
1969 3272 2010 3314 a
2073 3250 2338 3315 domino
2411 3271 2561 3335 rege
2618 3249 3001 3334 juramento

891 3355 1189 3439 praestito
1236 3355 1307 3418 in
1338 3375 1617 3440 persona
1643 3353 1926 3439 propria,
1960 3353 2139 3438 quod
2183 3373 2302 3437 pro
2347 3373 2424 3416 eo
2469 3371 2684 3416 coram
2732 3351 2999 3415 domino

890 3477 1065 3541 papa
1132 3457 1503 3542 praestitum
1568 3462 1670 3521 est
1737 3456 1808 3518 in
1873 3453 2104 3530 aliena,
2151 3454 2325 3518 sicut
2377 3453 2537 3518 satis
2603 3452 2999 3532 audivistis3

889 3557 1232 3622 vinculum
1279 3558 1473 3634 enim,
1519 3579 1649 3642 quo
1714 3577 1834 3621 vos
1904 3561 2036 3619 tres
2107 3554 2447 3618 vincimini
2467 3553 2491 3594 ⁷
2553 3552 2996 3617 firmissimam

886 3664 1185 3724 catenam
1251 3663 1604 3723 autumant
1680 3679 1811 3742 qua
1885 3677 2102 3741 regem
2170 3677 2299 3740 quo
2375 3655 2601 3719 volent
2619 3652 2644 3692 ⁸
2707 3653 2998 3725 trahant.

889 3758 1173 3825 Solliciti
1218 3761 1427 3846 igitur
1470 3781 1668 3844 super
1734 3758 2000 3842 negotio
2045 3761 2266 3821 vestro
2313 3761 2505 3832 estoe,
2553 3777 2636 3820 ne
2681 3755 2993 3820 dominus

887 3883 1005 3926 rex
1052 3861 1240 3926 vobis
1288 3862 1449 3948 ipsis
1494 3882 1612 3926 vos
1658 3859 2038 3944 relinquat;
2097 3879 2230 3922 non
2278 3856 2454 3922 enim
2519 3862 2658 3922 tam
2707 3857 2993 3921 Romani

887 3983 1085 4048 quam
1134 3962 1307 4028 Galli
1370 3984 1489 4028 vos
1527 3962 1852 4047 judicant.
1947 3958 2048 4024 De
2109 3959 2330 4024 reditu
2374 3979 2519 4023 meo
2565 3958 2651 4023 ad
2714 3979 2832 4022 vos
2895 3959 2994 4023 nil

886 4069 1138 4132 certum
1186 4064 1359 4144 sci03
1404 4064 1689 4129 animam
1763 4063 1939 4126 enim
1989 4082 2202 4127 meam
2249 4082 2368 4146 pro
2415 4059 2602 4125 vobis
2667 4059 2858 4144 posui
2923 4065 2994 4124 et

951 4402 966 4434 ¹
1004 4408 1067 4462 ct,
1090 4400 1203 4450 Liv.
2055 4395 2076 4428 ὅ
2107 4394 2330 4460 privato,
2354 4393 2466 4444 Liv.

948 4481 969 4513 ²
1002 4480 1208 4541 mitiori,
1225 4478 1337 4530 Liv.
2051 4472 2072 4504 ⁶
2105 4479 2282 4534 tamen,
2301 4471 2413 4561 ‚1'5'‘
2455 4549 2466 4560 ⁸

946 4561 969 4594 ³
1000 4561 1102 4623 qui,
1126 4559 1241 4609 Liv.
2049 4551 2072 4590 ⁷
2089 4551 2386 4615 junqimmi,
2407 4551 2522 4602 Liv-

946 4641 967 4671 ⁴
1000 4639 1255 4697 assistent,
1280 4634 1392 4686 Liv.
2047 4630 2070 4662 ³
2105 4629 2293 4692 volunt,
2317 4629 2431 4680 Liv.
