3634 5800
485 2361 610 2409 Feb.
635 2363 715 2406 24.

810 813 940 876 216
1688 833 2051 882 EPISTOLAE.
2532 825 2689 907 [AD.
2726 821 2920 892 1170.

810 1019 989 1083 omni
1037 1023 1465 1087 excusatione
1511 1028 1580 1088 et
1625 1025 2071 1111 appellatione
2126 1031 2514 1115 postposita,
2544 1032 2918 1109 reducatis,¹

811 1128 881 1186 et
925 1122 1010 1186 ab
1056 1124 1363 1190 omnibus
1407 1126 1685 1205 faciatis
1719 1130 2119 1195 auctoritate
2165 1137 2407 1210 nostra,
2442 1133 2614 1198 sicut
2660 1156 2915 1199 excom-

813 1224 1204 1306 municatOS,
1251 1249 1459 1313 usque
1509 1230 1594 1294 ad
1642 1229 1959 1316 dignam2
2004 1232 2539 1313 satisfactionem,
2588 1237 2809 1301 vitari.

906 1325 1086 1394 Data
1130 1329 1517 1410 Beneventi,
1563 1333 1676 1398 vii.
1722 1333 1855 1399 kal.
1906 1333 2181 1401 Martii.²³

1502 1599 1611 1604 -.——
1622 1599 1667 1606 h
1712 1601 1765 1608 ἡ

1670 1817 2084 1887 DCXXXII.

819 1962 1262 2026 ALEXANDER
1297 1977 1466 2026 PAPA
1503 1963 1781 2027 THOMAE
1810 1961 2335 2028 CANTUARmNsl
2366 1977 2925 2038 AuenmmscorQ

1293 2081 1373 2127 ΕΤ
1419 2081 1725 2128 omanus
1773 2081 2111 2128 EPISCOPIS
2156 2065 2461 2130 ANGLIAE.

1093 2213 1176 2275 (Z.
1202 2211 1271 2261 lv.
1297 2217 1390 2272 503
1431 2213 1561 2277 Lup.
1585 2214 1654 2262 iv.
1683 2219 1745 2263 43
1769 2235 1780 2273 ;
1817 2213 1999 2262 Thom.
2028 2219 2157 2272 2243
2194 2212 2433 2275 wilkins,
2456 2213 2487 2262 i.
2512 2213 2656 2272 458.)

913 2339 1016 2406 Ex
1064 2343 1396 2406 commissi
1442 2341 1640 2408 nobis
1687 2343 1888 2409 officii
1934 2345 2161 2410 debito
2205 2344 2639 2410 sollicitudini
2686 2349 2928 2408 nostrae

485 2424 800 2488 Forbidding
821 2444 1150 2509 incumbit
1196 2445 1484 2510 ecclesiis
1549 2447 1676 2512 Dei
1745 2452 1816 2512 et
1870 2445 2027 2532 jura
2096 2469 2214 2512 sua
2259 2469 2537 2524 servare,
2583 2452 2667 2524 et,
2713 2467 2795 2510 ne
2842 2445 2925 2510 ab

486 2509 517 2541 a
541 2505 753 2541 corona-

485 2558 592 2607 tion
615 2557 784 2606 unless
821 2545 1156 2632 aliquibus
1203 2548 1488 2634 opprimi
1535 2550 1808 2614 valeant
1851 2555 1972 2614 aut
2017 2550 2237 2627 deleri,
2284 2549 2579 2614 studium
2628 2541 2931 2614 tenemur

487 2626 574 2674 the
598 2622 726 2687 king

485 2707 603 2755 give
628 2705 767 2740 secu-

487 2757 626 2806 rities
639 2764 693 2806 to
711 2755 766 2805 th

487 2824 695 2875 church.

823 2655 891 2714 et
937 2649 1353 2736 diligentiam
1385 2651 1719 2717 adhibere.
1817 2653 1967 2717 Hac
1998 2652 2323 2737 siquidem
2353 2652 2609 2717 ratione
2654 2651 2909 2716 inducti
2930 2703 2944 2730 ,

769 2771 796 2805 e
823 2757 891 2816 et
937 2752 1224 2818 ecclesiae
1296 2752 1760 2820 Cantuariensi
1826 2776 2013 2820 suam
2061 2754 2357 2820 volentes
2421 2754 2815 2840 dignitatem
2862 2770 2932 2818 et

813 2854 1151 2938 justitiam
1198 2876 1603 2935 conservare,
1655 2856 2062 2923 fraternitati
2109 2862 2362 2934 vestrae,
2410 2879 2528 2943 per
2573 2857 2933 2942 apostolica

823 2957 1068 3043 scripta
1136 2958 1630 3045 praeeipiendo‚⁴
1693 2962 2104 3035 mandamus,
2148 2980 2403 3026 necnon
2432 2964 2517 3051 'et
2561 2959 2633 3023 in
2677 2958 2929 3023 virtute

822 3060 1216 3127 obedientiae
1263 3062 1693 3149 injungimus,
1743 3069 2071 3149 quatenus
2138 3062 2231 3140 si·-
2261 3062 2591 3127 Henricus
2654 3059 2931 3125 illustris

822 3164 1193 3255 Anglorum
1259 3188 1378 3229 rex
1450 3165 1664 3229 filium
1729 3188 1929 3230 suum
1994 3150 2295 3230 coronari
2361 3164 2649 3229 voluerit
2723 3170 2792 3229 et
2858 3164 2929 3227 in

822 3287 1042 3351 regem
1089 3266 1344 3352 inungi,
1376 3272 1452 3331 tu
1485 3266 1698 3332 frater
1744 3266 2264 3344 Cantuariensis,
2294 3266 2381 3330 ad
2427 3266 2613 3351 cujus
2646 3266 2927 3332 officium

823 3370 904 3435 de
950 3370 1232 3456 antiqua
1279 3370 1570 3437 ecclesiae
1616 3376 1753 3437 tuae
1799 3372 2133 3459 dignitate
2196 3375 2489 3457 spectare
2534 3370 2930 3447 audivimus

823 3473 884 3537 ei
931 3494 1202 3538 manum
1248 3494 1668 3559 nequaquam
1715 3474 2039 3560 imponas,
2100 3495 2221 3539 nec
2288 3473 2375 3539 ab
2436 3473 2567 3539 alio
2636 3474 2931 3560 quolibet

823 3575 1076 3659 imponi
1123 3575 1485 3659 permittas,
1517 3576 1647 3641 nisi
1678 3577 1863 3662 prius
1909 3575 2079 3641 illud
2115 3578 2571 3662 juramentum
2618 3574 2931 3641 exhibeat

825 3677 1002 3760 quod
1080 3676 1196 3741 alii
1261 3698 1466 3763 reges,
1513 3678 1656 3763 ejus
1732 3678 2261 3765 praedecessores,
2306 3676 2590 3743 ecclesiae
2655 3674 2799 3753 Dei,
2860 3682 2931 3742 et

825 3779 1198 3866 specialiter
1263 3779 1750 3858 Cantuariensi,
1798 3779 2180 3867 impendere
2242 3786 2765 3845 consueverunt:
2840 3780 2931 3845 Et

823 3880 955 3945 nisi
1003 3881 1344 3947 universos
1390 3882 1478 3946 ab
1523 3881 1985 3947 observatione
2046 3880 2597 3946 consuetudinum
2644 3904 2933 3959 suarum,

824 3987 895 4047 et
938 4004 981 4049 a
1025 3984 1452 4049 sacramentis
1498 3983 1632 4048 illis
1678 4006 1829 4069 quae
1875 3982 2113 4048 ultimo
2143 3983 2229 4048 ab
2258 3982 2637 4047 hominibus
2666 3982 2929 4069 Angliae

825 4092 1090 4153 extorta
1133 4086 1405 4151 fuerunt
1453 4108 1720 4172 prorsus
1763 4086 2083 4152 absolvat.
2180 4085 2381 4150 Vobis
2424 4090 2651 4151 autem
2696 4086 2933 4152 fratres

824 4189 1130 4275 episcopi,
1163 4189 1558 4255 auctoritate
1605 4190 1980 4275 apostolica,
2014 4188 2378 4255 districtius
2423 4188 2799 4253 inhibemus
2848 4212 2933 4254 ne

827 4292 1007 4355 illius
1075 4292 1502 4369 coronationi,
1573 4290 1703 4355 nisi
1769 4288 2230 4377 juramentum
2300 4291 2701 4376 praestiterit,
2763 4312 2928 4385 praez-

827 4394 1104 4460 sumatis
1171 4394 1594 4480 aliquatenus
1657 4394 1994 4462 interesse.
2084 4393 2216 4459 Sed
2263 4415 2383 4459 vos
2427 4392 2649 4480 potius
2694 4394 2929 4461 absen-

895 4668 912 4699 ¹
948 4666 1220 4729 inducatis,
1241 4669 1354 4719 nv.
1995 4668 2017 4701 ⁸
2050 4668 2159 4718 'rho
2182 4669 2299 4717 date
2324 4666 2367 4718 is
2388 4666 2522 4718 from
2545 4667 2601 4717 Z.

895 4746 916 4779 ²
949 4746 1257 4810 σοηᾱίφιαπι,
1277 4746 1337 4796 L.
1994 4747 2015 4778 ⁴
2040 4746 2396 4811 proecipiendo,
2420 4748 2457 4795 Z
2473 4767 2487 4807 ς
2523 4762 2624 4799 om.
2646 4747 2706 4798 L.
