3634 5800
626 875 759 924 Μ).
798 861 1020 946 1170]
1521 880 1881 930 ams‘rOLAE.
2622 866 2751 929 305

629 1064 828 1130 bitur.
937 1067 1084 1134 Hoc
1129 1067 1588 1133 indubitanter
1632 1068 1931 1146 dixerim,
1982 1066 2325 1134 Christum
2368 1089 2733 1155 numquam

631 1167 1044 1251 puniturum,
1105 1190 1226 1234 nec
1291 1169 1590 1234 homines
1665 1169 2063 1256 culpaturos,
2139 1171 2197 1235 si
2272 1169 2529 1256 aliquid
2592 1173 2747 1239 sub-

631 1269 1003 1335 traxissetis
1095 1271 1468 1336 necessitati
1544 1276 1799 1348 vestrae,
1888 1272 2134 1337 nedum
2223 1272 2493 1350 deliciis,
2568 1277 2743 1359 quod

635 1370 843 1454 possit
919 1371 1169 1438 Christi
1244 1372 1644 1457 pauperibus
1741 1394 1863 1458 pro
1950 1374 2215 1459 justitia
2290 1380 2359 1439 et
2436 1374 2743 1442 libertate

631 1470 918 1541 ecclesiae
1011 1472 1470 1538 exsulantibus
1569 1473 1872 1558 erogari3
1954 1474 2087 1537 nisi
2162 1473 2333 1539 forte
2412 1476 2741 1560 quispiam

633 1573 860 1640 credat
904 1574 1120 1638 Deum
1183 1577 1255 1638 in
1303 1579 1598 1640 extremo
1643 1575 1945 1640 examine
2010 1575 2531 1660 glorificaturum
2600 1578 2748 1644 illos

637 1676 750 1760 qui
827 1675 1202 1762 duplicibus
1295 1677 1516 1741 induti
1593 1682 1772 1752 sunt,
1853 1683 1921 1742 et
2014 1678 2371 1763 epulantur
2447 1681 2743 1766 quotidie

632 1777 989 1861 splendide.
1085 1777 1416 1844 Sathanas
1462 1779 1692 1844 votivo
1741 1779 2010 1865 pietatis
2056 1779 2325 1846 affectui
2370 1782 2739 1848 satellitum

633 1878 999 1944 ministerio
1043 1879 1288 1945 multas
1333 1880 1554 1945 tendit
1572 1879 1596 1918 1
1661 1880 1976 1946 insidias:
2040 1881 2157 1946 sed
2202 1902 2312 1947 eas
2348 1883 2743 1969 ‚aliquorum

635 1979 798 2044 fides
843 1986 912 2045 et
958 1981 1322 2066 diligentia,
1389 1981 1545 2046 licet
1608 2001 1985 2066 paucorum,
2053 1982 2309 2061 evasit;
2377 1985 2555 2068 quod
2622 2007 2743 2051 vos

633 2081 890 2147 facilius
935 2083 1226 2167 potuisse
1272 2082 1569 2168 conjicio,
1618 2083 1675 2146 si
1722 2084 2115 2168 quandoque
2140 2083 2166 2122 2
2195 2083 2433 2149 fuisset
2454 2082 2482 2123 ⁸
2526 2091 2745 2152 atten-

639 2187 870 2248 tatum.
993 2183 1274 2249 Utinam
1367 2185 1685 2270 pietatem
1779 2190 2071 2250 vestram
2146 2184 2381 2250 saltem
2458 2187 2745 2254 voluisse

637 2286 1102 2371 cujuscumque
1201 2287 1414 2372 operis
1508 2286 1890 2352 testimonio
1984 2287 2289 2354 convinci
2383 2289 2743 2372 potuisset!

638 2387 952 2473 Superest
997 2393 1074 2452 ut
1118 2388 1200 2454 de
1262 2388 1497 2453 timore
1545 2388 1728 2453 vobis
1776 2387 2115 2472 apostolus
2163 2387 2416 2454 Christi
2477 2411 2742 2475 respon·

638 2490 807 2566 deat,
855 2491 1168 2575 quoniam
1212 2490 1413 2555 timor
1473 2491 1599 2554 iste
1660 2510 1794 2554 non
1839 2495 1941 2554 est
2002 2490 2074 2554 in
2120 2491 2414 2556 caritate.
2505 2491 2551 2556 J
2552 2493 2743 2571 udaei,
2805 2496 2814 2504 “

633 2611 716 2656 ne
761 2590 977 2657 locum
1021 2592 1371 2682 perderent
1440 2597 1510 2655 et
1567 2596 1857 2678 gentem,
1908 2588 2269 2669 Christum,
2316 2597 2394 2657 ut
2440 2593 2745 2672 recoli-tiS,

636 2692 1030 2770 occiderunt,
1076 2697 1144 2757 et
1190 2714 1266 2758 eo
1332 2693 1492 2778 ipso,
1539 2693 1717 2778 quod
1777 2683 2065 2758 maitime
2127 2692 2443 2758 volebant
2488 2694 2747 2773 evitari,

633 2795 717 2859 de
788 2794 1024 2858 merito
1085 2794 1449 2858 amiserunt
1523 2793 1739 2860 locum
1816 2799 1886 2858 et
1958 2799 2243 2880 gentem.
2360 2794 2539 2860 Nam
2612 2795 2746 2860 fere

638 2895 944 2980 quotiens
1025 2917 1108 2959 ex
1175 2895 1399 2981 aliqua
1473 2916 1668 2961 causa
1742 2894 2041 2961 consulto
2110 2894 2291 2961 Deus
2370 2896 2743 2977 offenditur,

635 3019 738 3063 res
801 2998 876 3061 in
942 2998 1342 3063 contrarium
1409 3004 1566 3063 voto
1643 2998 1863 3083 pergit
1928 3003 2259 3064 eventum.
2376 2998 2451 3064 Si
2520 3005 2745 3065 tamen

633 3098 736 3163 illi
804 3099 1001 3185 longo
1074 3105 1204 3164 tem
1213 3120 1369 3184 pore
1446 3100 1813 3185 exspectati
1891 3099 2362 3185 poenitentiam
2439 3102 2745 3188 egissent,

625 3206 984 3288 potuerant
1004 3201 1031 3239 4
1073 3201 1200 3267 loci
1231 3207 1301 3266 et
1329 3202 1548 3288 gentis
1593 3201 1945 3267 retinuisse
1991 3202 2379 3287 primatum,
2425 3202 2561 3287 qui,
2608 3203 2743 3269 illis

637 3304 982 3383 induratis,
1028 3304 1212 3391 genti
1261 3304 1550 3369 traditus
1599 3310 1701 3369 est
1747 3304 2021 3370 facienti
2066 3304 2358 3371 fructum
2408 3306 2565 3392 ejus.

727 3404 862 3472 Vos
907 3406 1150 3491 itaque,
1195 3404 1624 3481 dilectissimi,
1671 3406 1985 3490 quoniam
2034 3405 2252 3473 adhuc
2318 3413 2583 3493 tempus
2646 3415 2748 3474 est

637 3508 1128 3592 propitiationis
1203 3513 1272 3573 et
1367 3507 1608 3585 meriti,
1687 3507 2045 3573 accelerate
2127 3508 2212 3574 ad
2287 3510 2549 3575 veniam
2631 3533 2748 3596 per

636 3609 868 3695 dignos
914 3609 1346 3694 poenitentiae·
1366 3609 1637 3686 fructus
1672 3615 1740 3675 et
1785 3616 2246 3695 praeoccupate
2290 3610 2527 3677 faciem
2564 3612 2747 3698 judi-

635 3712 728 3777 cis
773 3711 847 3775 in
891 3711 1312 3789 confessione,
1372 3718 1442 3777 et
1507 3710 1981 3777 satisfactionis
2027 3712 2379 3799 diligentia
2440 3714 2747 3780 redimite

636 3832 902 3889 moram,
932 3818 1001 3878 et
1046 3813 1299 3898 lapsam
1331 3813 1563 3898 erigite
1595 3812 1955 3878 caritatem.
2050 3812 2290 3879 Facilis
2336 3820 2406 3880 et
2447 3815 2745 3902 gloriosa,
2772 3824 2977 3891 Urging
2998 3832 3053 3875 to

636 3912 692 3977 si
739 3932 898 3979 vera
941 3919 1100 3979 sunt
1146 3936 1294 3999 quae
1339 3914 1652 3979 dicuntur
1696 3914 1875 3999 apud
1943 3916 2107 3992 nOS,5
2171 3915 2617 3982 satisfaciendi
2679 3923 2749 3983 et

2770 3898 2977 3955 present
2995 3890 3079 3941 the

2770 3958 2940 4007 letters
2962 3958 3065 4008 for-

636 4014 1002 4080 redimendi
1046 4014 1294 4080 famam
1359 4016 1549 4081 vobis
1595 4014 1869 4080 offertur
1914 4015 2182 4093 occasiQ
2228 4038 2378 4083 cum
2439 4018 2745 4084 dominus
2768 4022 2985 4088 bidding

638 4138 756 4181 rex
801 4120 910 4200 (ut
938 4117 1176 4199 aiunt),
1205 4119 1276 4181 in
1325 4117 1634 4201 injuriam
1665 4116 1953 4183 ecclesiae
2000 4122 2255 4197 vestrae,
2288 4119 2499 4184 filium
2548 4142 2741 4187 suum
2769 4154 2897 4205 tion.

639 4239 757 4303 per
830 4238 1098 4283 manum
1175 4217 1642 4303 archiepiscopi
1737 4217 2167 4284 Eboracensis
2258 4226 2379 4285 aut
2470 4221 2741 4287 alterius

636 4318 922 4405 episcopi
969 4318 1133 4384 velit
1177 4320 1411 4405 inungi
1458 4324 1527 4383 et
1572 4320 1934 4385 consecrari
1982 4321 2053 4383 in
2097 4342 2340 4407 regem.
2428 4321 2742 4388 Prohibet

707 4594 721 4627 ¹
750 4596 1050 4660 prependit,
1077 4596 1136 4655 Z,
1159 4594 1244 4656 L;
1279 4596 1505 4657 tetendit,
1535 4596 1601 4647 G.
1809 4596 1829 4628 ⁴
1858 4603 2154 4660 potuerant,
2174 4598 2229 4657 Z,
2253 4598 2329 4659 113
2355 4600 2651 4663 potuissent,
2680 4602 2741 4653 G.

699 4672 724 4784 ἰ
741 4672 1070 4816 affuge,
1091 4676 1146 4737 Z,
1169 4675 1244 4735 123
1277 4672 1492 4738 quando,
1516 4674 1584 4725 G.
1807 4674 1831 4705 ὅ
1865 4689 1968 4735 voe,
1991 4675 2049 4725 L.

915 4787 932 4813 ,
1008 4787 1022 4800 .

813 4844 846 4879 0
873 4833 1054 4881 12478.
2425 4852 2475 4901 U

2769 4090 2857 4139 the
2872 4104 3082 4141 corona-
