3634 5800
890 799 1021 862 212
1788 815 2152 865 EPISTOLAE.
2606 803 2766 886 [A.D.
2804 802 2994 872 1170.

546 1005 653 1054 The
676 1003 803 1069 king
879 1000 1287 1066 stantissime
1334 1001 1739 1087 proponatiS,
1770 1001 1967 1086 quod,
2011 1001 2070 1066 si
2115 1022 2238 1068 nec
2281 1002 2377 1068 sic
2423 1002 2797 1088 resipuerit,
2843 1021 2990 1087 per-

544 1073 685 1122 tobe

548 1138 845 1187 threatened
880 1124 1059 1168 sonoe
1102 1124 1260 1180 suae,
1289 1103 1464 1168 sicut
1494 1124 1615 1168 nec
1662 1102 2010 1168 Frederico
2039 1103 2220 1168 dicto
2265 1103 2654 1190 imperatori
2699 1103 2992 1178 fecimuS,

549 1203 671 1254 with
694 1221 800 1280 cx·-

548 1285 825 1347 cotnmum-

549 1345 735 1388 canon.

556 3186 677 3235 Eeb.
709 3192 785 3237 1⁸.

551 3254 598 3301 A
608 3269 831 3303 unounc·

548 3318 636 3383 ing
662 3322 747 3369 the

548 3386 781 3435 commis-

548 3451 675 3503 sion.

882 1227 1297 1291 nequaquam
1344 1227 1705 1291 parcemus,
1736 1206 1853 1272 sed
1898 1204 1969 1270 in
2015 1227 2167 1270 eum
2199 1206 2421 1292 potius
2465 1205 2990 1272 excommunica-

885 1309 1088 1374 tionis
1155 1307 1553 1374 sententiam
1602 1309 1850 1394 absque
1895 1308 2098 1374 dubio
2159 1307 2580 1395 proferemus,
2669 1307 2992 1374 Volumus

885 1417 1129 1488 autem,
1176 1417 1245 1475 et
1306 1411 1433 1476 sub
1477 1410 1759 1476 obtentu
1804 1409 2044 1496 gratiae
2089 1409 2215 1478 Dei
2263 1415 2333 1476 et
2376 1416 2622 1478 nostrae
2689 1411 2990 1476 districte

886 1513 1075 1578 vobis
1098 1511 1123 1550 ¹
1186 1511 1617 1599 injungimus,
1661 1517 1741 1578 ut
1806 1512 1880 1578 in
1929 1513 2032 1578 his
2101 1534 2250 1598 quae
2313 1514 2746 1600 praediximus
2807 1533 2988 1578 exsc-

888 1617 1166 1702 quendis
1230 1636 1492 1680 omnem
1538 1637 1737 1700 quam
1798 1616 2114 1682 convenit
2159 1619 2228 1684 et
2271 1621 2534 1702 oportet
2576 1615 2990 1702 diligentiam

887 1727 957 1784 et
1000 1719 1299 1784 studium
1344 1718 1737 1784 adhibeatis.
1857 1719 1948 1784 Et
1991 1719 2048 1784 si
2095 1725 2376 1804 uterque
2423 1723 2718 1785 vestrum
2765 1717 2990 1783 adesse

886 1845 1021 1888 non
1084 1822 1331 1908 poterit
1374 1822 1481 1887 vel
1546 1823 1840 1888 noluerit
1885 1822 2095 1908 (quod
2163 1827 2388 1888 tamen
2447 1845 2583 1892 non
2644 1821 2988 1901 credimus,

884 1946 1005 1990 nec
1050 1924 1447 1990 conveniens
1491 1930 1613 1989 aut
1634 1923 1661 1964 2
1722 1924 2069 1990 tolerabile
2113 1927 2329 2006 esset),
2376 1926 2546 1990 alter
2591 1947 2723 1991 non
2771 1924 2989 1990 minus

884 2049 965 2092 ea
1030 2049 1179 2112 quae
1243 2026 1563 2112 praedicta
1638 2032 1814 2107 sunt,
1883 2028 2066 2093 omni
2133 2028 2552 2094 dubitatione
2615 2035 2687 2095 et
2753 2028 2988 2097 timore

884 2128 1167 2207 sublatO,
1214 2128 1594 2215 adimpleat.

1746 2629 2124 2698 DGXXIX.

886 2785 1327 2852 ALEXANDER
1372 2800 1547 2848 PAPA
1591 2799 1901 2849 omanus
1949 2780 2515 2848 CANTUARJENSIS
2561 2777 2986 2845 Pnov1Nc1AE³

1780 2902 2137 2951 EPISCOPIS.

923 3043 1018 3107 (A.
1044 3047 1135 3101 643
1170 3042 1231 3093 Ο.
1257 3040 1324 3093 vi.
1354 3046 1479 3101 1383
1518 3040 1574 3093 Ζ.
1600 3056 1646 3094 ν.
1672 3040 1733 3103 ⁷3
1768 3041 1898 3131 Lup.
1920 3054 1968 3092 v.
1995 3042 2054 3099 73
2089 3035 2269 3092 Thoan.
2291 3040 2424 3097 2403
2461 3036 2545 3093 W.
2573 3034 2721 3091 Cant.
2749 3050 2798 3101 p.
2824 3034 2934 3095 80.)

976 3164 1261 3228 Noverit
1302 3162 1632 3233 industria
1676 3166 1900 3225 vestra
1943 3158 2120 3245 quod
2163 3179 2284 3222 nos
2315 3154 2721 3223 venerabiles
2749 3155 2986 3219 fratres

884 3271 1141 3330 nostros
1210 3265 1569 3331 Rom-ocum
1640 3261 2243 3347 Rothomagensem
2308 3257 2867 3343 archiepiscopum
2915 3262 2984 3321 et

884 3367 1293 3432 Bernardum
1346 3366 1405 3428 N
1415 3366 1830 3429 ivernensem
1893 3362 2272 3447 episcopum
2319 3361 2406 3425 ad
2467 3380 2687 3445 regem
2733 3358 2983 3443 Anglo-

884 3494 1049 3549 rum,
1116 3492 1232 3555 pro
1307 3490 1465 3554 pace
1542 3472 1613 3531 et
1686 3464 2216 3531 reconciliatione
2292 3462 2688 3529 venerabilis
2763 3460 2985 3533 fratris

882 3572 1091 3637 nostri
1124 3572 1392 3635 Thomae
1426 3568 1924 3639 Oantuariensis
1953 3566 2444 3651 archiepiscopi,
2475 3564 2980 3641 destinavimus,

884 3676 979 3739 eis
1026 3675 1261 3739 dantes
1306 3673 1378 3737 in
1424 3671 1759 3742 mandatis
1804 3676 1876 3735 et
1919 3670 2199 3735 firmiter
2263 3667 2722 3753 praecipientcs
2781 3667 2979 3751 quod,

883 3777 1013 3840 nisi
1076 3777 1251 3841 idem
1329 3796 1446 3839 rex
1514 3773 1601 3837 ad
1676 3793 1903 3859 pacem
1970 3776 2039 3836 et
2113 3768 2546 3846 concordiam,
2621 3768 2981 3835 secundum

884 3880 1059 3964 quod
1106 3878 1295 3942 nobis
1364 3898 1481 3962 per
1549 3875 1809 3940 litteras
1856 3879 1926 3939 et
1991 3873 2264 3941 nuntios
2307 3892 2462 3937 suos
2529 3871 2850 3958 promisit,
2895 3871 2982 3937 ad

882 3980 1453 4046 commonitionem
1506 3978 1771 4043 illorum
1800 3976 2108 4042 inclinari
2139 3974 2449 4061 potuerit,
2479 3978 2690 4039 totam
2737 3978 2980 4039 terram

882 4084 1024 4168 ejus
1071 4104 1221 4167 quse
1264 4082 1433 4147 citra
1496 4102 1675 4144 mare
1720 4078 2044 4155 consistit,
2090 4075 2271 4142 omni
2335 4074 2850 4143 contradictione
2915 4080 2984 4141 et

880 4184 1325 4273 appellatione
1390 4188 1661 4259 remota,
1729 4180 2086 4266 subjiciant
2159 4176 2534 4255 interdicte,
2609 4183 2681 4243 et
2757 4178 2830 4241 in
2905 4198 2982 4242 ea

951 4388 966 4420 ¹
1004 4387 1153 4446 vobis,
1174 4403 1277 4437 om.
1301 4386 1365 4437 L.

945 4468 967 4499 ⁹
1000 4466 1092 4527 vel,
1116 4467 1175 4515 L.

946 4547 967 4579 ³
1008 4547 1077 4597 So
1123 4546 1196 4603 Z;
1237 4544 1433 4595 Cantica
1466 4542 1763 4607 provinciae,
1794 4542 1880 4602 V;

888 4626 1108 4686 Cautiae,
1133 4623 1181 4673 L
1206 4645 1221 4684 ς
1260 4631 1406 4676 terroe
1432 4622 1565 4686 ’τρέε
1600 4620 1881 4685 Ληρῖοηαη

880 4704 931 4751 iu
967 4700 1181 4766 Anylia,
1216 4702 1279 4755 Ο.
1347 4702 1410 4751 In
1434 4701 1487 4751 A
1519 4699 1621 4751 this
1656 4701 1803 4751 letter
1835 4699 1880 4751 is

1984 4462 2231 4525 episcopo.
2303 4460 2412 4523 (cf.
2437 4462 2530 4524 Ep.
2557 4463 2697 4521 634.)

2048 4538 2070 4571 ⁴
2103 4538 2374 4593 Rotrocum
2396 4576 2408 4593 .
2449 4576 2461 4594 .
2498 4571 2510 4589 .
2537 4538 2873 4602 Ber-nardum,
2900 4541 2981 4603 A;

1981 4633 2079 4668 om.
2107 4620 2165 4680 Z,
2187 4618 2247 4667 L.

1935 4406 1938 4422 ι
1985 4382 2217 4449 wrongly
2237 4382 2493 4433 inscribed
2525 4380 2800 4432 Turonensi
2819 4381 2987 4432 archi-
