3634 5800
671 842 802 895 ΑΛ).
836 828 1061 914 1169.]
1538 842 1898 895 Emsroma.
2071 904 2083 925 .
2647 828 2770 895 141

674 1034 954 1100 Proinde
1000 1034 1177 1121 quod
1228 1034 1464 1100 honori
1509 1040 1730 1099 vestro
1776 1038 1846 1100 et
1913 1033 2141 1121 gloriae
2187 1033 2511 1101 credimus
2576 1032 2778 1095 inser-

670 1137 829 1214 vire,
891 1158 1115 1203 secure
1190 1136 1479 1223 petimus
1542 1140 1611 1203 et
1678 1136 1934 1203 sincera
2009 1136 2413 1201 consulimus
2481 1134 2776 1208 caritate,

672 1238 845 1303 sicut
934 1260 1157 1325 preces
1232 1244 1486 1304 vestras
1575 1239 1928 1303 admittere
2018 1240 2310 1325 prompti
2388 1258 2632 1313 sumus,
2709 1240 2779 1302 et

674 1340 980 1405 similiter
1026 1341 1405 1427 expedienti
1452 1340 1727 1407 consilio
1772 1340 2056 1407 obedire.

764 1443 1027 1508 Nobilis
1058 1444 1163 1508 vir
1194 1442 1589 1530 Stephanus,
1623 1464 1820 1529 quem
1865 1442 2346 1510 familiaritatis
2390 1450 2630 1509 vestrae
2660 1444 2776 1509 ho-
2804 1464 2937 1515 ease
2961 1463 3014 1512 of

672 1566 827 1610 nore
859 1548 1286 1625 sublimastis,
1318 1569 1470 1613 caro
1516 1554 1585 1613 et
1629 1548 1901 1633 sanguis
1945 1552 2172 1612 noster
2218 1554 2337 1624 est,
2385 1552 2454 1612 et
2499 1530 3106 1647 Olarisssi·{‘g³p1¹›¹{‡¹0ssg

675 1668 813 1712 mos
860 1669 1153 1733 proceres
1199 1648 1387 1734 regni
1419 1648 1820 1715 Francorum
1854 1648 2242 1734 cognatione
2263 1646 2288 1685 ¹
2320 1647 2427 1714 vel
2455 1646 2780 1715 affinitate
2805 1635 3118 1727 archbishop’

2805 1730 2862 1778 of
2885 1730 2983 1779 Pa-

672 1750 1017 1836 contingit.
1112 1749 1415 1831 Qualiter
1456 1756 1703 1829 autem,
1750 1752 1832 1816 ad
1883 1750 2320 1837 ignominiam
2388 1752 2648 1837 generis
2710 1757 2782 1816 et
2804 1796 2978 1846 lermo.

674 1852 892 1937 gentis
960 1873 1115 1929 suae,
1161 1851 1455 1939 dejectus
1517 1852 1605 1917 sit
1670 1858 1739 1917 et
1802 1851 2070 1937 ejectus,
2137 1853 2492 1939 prudentia
2557 1858 2782 1919 vestra

674 1958 863 2019 tanto
910 1954 1154 2019 certius
1197 1956 1447 2033 recolit,
1494 1960 1745 2041 quanto
1792 1974 1940 2041 quae
1985 1958 2156 2021 circa
2203 1976 2351 2020 eum
2400 1960 2589 2041 gesta
2625 1960 2784 2021 sunt

674 2056 1139 2121 insidiantium
1208 2040 1441 2122 fraude
1488 2058 1727 2123 clarius
1775 2078 1894 2143 per
1939 2050 2360 2143 praesentiam
2431 2057 2781 2123 intellexit.

678 2158 1009 2244 Rogamus
1056 2181 1211 2245 ergo
1241 2158 1660 2225 affectuosius
1690 2159 2108 2225 nobilitatem
2139 2164 2446 2237 vestram,
2477 2164 2558 2225 ut
2586 2158 2784 2238 eum,2

675 2260 761 2324 ad
806 2260 1083 2346 gloriam
1128 2262 1413 2325 nominis
1458 2262 1665 2326 vestri
1712 2264 1780 2327 et
1827 2262 2012 2347 regni
2063 2262 2460 2327 Francorum
2493 2263 2783 2328 consola-

676 2362 943 2440 tionem,
1016 2363 1259 2428 curetis
1326 2363 1654 2427 maturius
1700 2382 2022 2440 revocare,
2069 2382 2350 2447 eumque
2412 2363 2784 2429 restituatis

675 2464 747 2529 in
792 2462 1129 2551 integrum
1174 2465 1433 2544 amoris,
1463 2464 1956 2543 familiaritatiS,
2002 2464 2270 2530 honoris
2317 2472 2385 2531 et
2415 2466 2780 2552 dignitatis,

677 2566 781 2631 Ob
841 2567 1012 2633 hanc
1055 2589 1339 2645 causam,
1388 2574 1457 2633 et
1501 2568 1664 2633 alias
1732 2588 1896 2653 quas
1963 2570 2206 2653 scripto
2268 2588 2404 2633 non
2471 2568 2784 2635 duximus
2807 2571 3033 2651 necem-⁶

676 2668 1197 2748 committendaS,
1240 2670 1517 2735 latorem
1578 2670 2002 2756 praesentium
2053 2670 2518 2748 Theobaldum,
2587 2694 2784 2737 vene·
2809 2640 3104 2755 zeazanon

675 2770 947 2835 rabilem
995 2767 1465 2858 Crispiac'ensis
1512 2771 1799 2837 ecclesiae
1845 2772 2148 2857 priorem,
2194 2773 2280 2837 ad
2325 2772 2783 2839 excellentiam
2811 2772 2947 2835 prior
2969 2771 3026 2849 95

674 2878 963 2940 vestram
1039 2874 1439 2942 fiducialiter
1514 2874 2027 2955 destinavimus;
2103 2876 2210 2942 cui
2287 2874 2358 2940 in
2451 2875 2556 2941 his
2634 2898 2782 2963 quae
2810 2839 3046 2904 Crespm.

674 2976 865 3042 vobis
932 2999 1017 3042 ex
1082 2981 1273 3064 parte
1340 2982 1569 3042 nostra
1643 2977 1893 3042 dixerit
1969 2978 2149 3043 credi
2225 2977 2638 3063 postulamus
2703 2987 2784 3046 ut

676 3079 883 3144 nobis.
982 3079 1099 3144 Est
1166 3079 1343 3145 enim
1408 3081 1514 3145 vir
1588 3079 1718 3144 fide
1783 3080 2034 3165 plenus,
2109 3080 2508 3146 reverendus
2582 3083 2784 3146 titulo

677 3181 1067 3259 sanctitatis,
1138 3181 1511 3248 litterarum
1558 3180 1930 3246 eruditione
1999 3181 2370 3268 praeclarus,
2415 3182 2606 3247 nobis
2669 3183 2784 3248 ad-

680 3281 949 3346 modum
996 3282 1357 3361 familiaris,
1404 3303 1593 3349 carus
1640 3288 1711 3348 et
1752 3288 2060 3369 acceptus
2115 3305 2316 3370 regno
2363 3283 2763 3351 Francorum

679 3383 999 3450 Procurat
1068 3391 1294 3450 autem
1364 3386 1789 3450 necessitates
1852 3383 2094 3450 nobilis
2164 3384 2449 3468 ecclesiae
2515 3387 2786 3452 Clunia·

678 3485 889 3551 censis
948 3485 1019 3550 in
1067 3485 1381 3564 Oriente3
1430 3487 1503 3551 in
1549 3487 1791 3572 quibus
1837 3509 1988 3552 eum
2034 3507 2075 3552 a
2119 3493 2342 3554 vestra
2377 3488 2786 3554 sublimitate

678 3587 965 3676 petimus
1040 3589 1393 3675 benignius
1478 3589 1781 3654 exaudiri
1859 3595 1928 3654 et
2001 3587 2323 3656 efficacius
2401 3591 2784 3676 promoveri.

680 3689 972 3756 Gloriam
1017 3695 1309 3757 vestram
1354 3691 1441 3757 ad
1484 3689 1802 3757 honorem
1847 3711 2040 3756 suum
2087 3693 2159 3755 in
2225 3691 2425 3778 longa
2488 3697 2788 3778 tempora

676 3799 1063 3879 promoveat
1138 3797 1210 3859 et
1282 3798 1557 3860 tucatur
1632 3793 1777 3858 Rex
1857 3815 2084 3879 regum
2163 3799 2232 3858 et
2299 3793 2784 3859 dominantium

680 3895 1021 3962 Dominus

750 4123 765 4154 ¹
801 4124 1113 4189 εοφιαείοηε,
1137 4123 1209 4185 Ζ;
1250 4125 1552 4188 coquomine,
1573 4123 1636 4176 G.
1744 4121 1757 4190 Ι
1854 4122 1877 4154 ²
1908 4139 2030 4184 eam,
2057 4123 2120 4174 G.
