3634 5800
128 631 140 696 -γ

921 871 1052 939 292
1795 883 2155 934 ems-roma.
2634 870 2794 956 [Am.
2830 865 3023 939 1170.

917 1081 987 1142 et
1033 1075 1164 1141 iter
1207 1076 1348 1153 hoc,
1393 1063 1599 1142 donec
1641 1095 1790 1161 spes
1836 1075 2167 1162 profectus
2212 1074 2481 1140 aliunde
2525 1073 2759 1153 luceat,
2806 1074 3021 1140 detes-

915 1177 1186 1244 tabitur.
1277 1177 1530 1244 Vestris
1577 1178 1804 1263 itaque
1848 1177 2130 1264 pedibus
2188 1176 2526 1264 provoluti
2570 1177 3017 1264 supplicamus

916 1280 1244 1346 attentius
1287 1285 1616 1368 quatenus
1660 1277 2083 1346 sanctissimo·
2120 1279 2300 1365 patri
2368 1283 2439 1344 et
2503 1279 2753 1364 pastori
2816 1279 3019 1346 eccle-

915 1383 1049 1461 siae,
1110 1381 1398 1447 Domino
1463 1401 1667 1468 papus,
1731 1401 1850 1468 per
1916 1402 2035 1446 vos
2096 1381 2321 1447 omnia
2380 1379 2525 1447 haec
2584 1381 3018 1458 innotescant,

915 1489 986 1550 et
1029 1483 1479 1570 persuadeatis
1547 1483 1607 1548 ei
1671 1505 1756 1548 ne
1820 1504 1890 1548 se
1961 1482 2271 1569 deinceps
2338 1482 2802 1550 circumveniri
2872 1487 3012 1548 tam

913 1587 1106 1654 facile
1150 1587 1487 1674 patiatur3
1531 1591 1618 1664 et,
1664 1585 1721 1652 si
1767 1607 1920 1650 eum
1984 1585 2215 1652 oculus
2260 1583 2368 1650 vel
2432 1605 2545 1672 pes
2608 1589 2731 1652 aut
2776 1606 3013 1652 manus

913 1689 1192 1755 ulterius
1253 1692 1528 1776 appetat
1595 1686 1922 1766 scandalo,
1982 1688 2379 1773 quicumque
2441 1687 2555 1753 ille
2598 1687 2707 1764 sit,
2753 1708 2796 1753 a
2860 1708 3013 1755 con-

913 1791 1046 1857 silii
1093 1792 1195 1856 sui
1239 1811 1505 1878 corpore
1549 1790 1769 1876 ipsum
1830 1809 2117 1856 resecare
2186 1809 2322 1855 non
2366 1788 2741 1876 pigritetur.
2836 1789 3012 1870 Quia

912 1894 1148 1959 melius
1191 1897 1308 1970 est,
1341 1897 1421 1958 ut
1463 1879 1811 1978 amputato
1842 1896 2111 1960 auctore
2154 1891 2447 1959 scandali
2490 1891 2632 1956 sine
2678 1911 2755 1956 eo
2800 1891 3009 1956 vitam

911 1999 1359 2082 promereatur
1402 1999 1733 2071 aeternam,
1765 2013 1967 2079 quam
2014 1993 2117 2059 ab
2140 2014 2218 2060 eo
2262 2013 2331 2060 se
2375 1994 2673 2079 patiatur
2712 1993 3011 2079 pertrahi

917 2097 1120 2186 (quod
1165 2096 1369 2182 absit)
1415 2097 1488 2161 in
1531 2095 1917 2184 gehennam.

1797 2499 2160 2568 DCLXVI.

1125 2649 1564 2716 Arnxmnno
1613 2649 1821 2715 PAPAE
1867 2649 2162 2714 ΤΗοΜΔε
2208 2649 2774 2715 CANTUAROENSIS

1643 2753 2266 2818 Ancnmmscorus,

1153 2899 1250 2966 (A.
1273 2906 1402 2963 26³3
1437 2903 1501 2954 Ο.
1525 2902 1574 2955 ii.
1601 2907 1728 2961 2543
1769 2904 1827 2955 Z.
1850 2918 1899 2955 v.
1924 2906 2021 2964 2⁴3
2058 2902 2186 2967 Lup.
2212 2916 2261 2952 v.
2286 2904 2384 2963 243
2418 2902 2598 2954 Thom.
2622 2902 2733 2963 2⁴.)

561 3032 806 3099 Blaming
985 3032 1298 3098 Testatur
1341 3033 1447 3097 vir
1507 3032 2086 3119 eloquentissimus
2148 3033 2426 3098 oratoris
2472 3033 2545 3096 in
2591 3054 2667 3097 eo
2712 3032 3000 3097 maxime

559 3100 850 3217 ξῗζξῃξξῖ
895 3134 1266 3219 promoveri
1356 3156 1706 3212 successuri,
1782 3136 1838 3199 si
1931 3136 2332 3220 praenoverit
2396 3133 2643 3219 judicis
2738 3134 2999 3199 audito·

558 3231 866 3349 aufullsszfft.
897 3256 1174 3321 rumque
1249 3258 1572 3325 personas,
1641 3241 1713 3302 et
1787 3257 1907 3323 pro
1982 3236 2306 3321 qualitate
2382 3256 2607 3300 eorum
2682 3234 2999 3299 sermonis

895 3339 1271 3404 moderetur
1339 3338 1642 3406 officium.
1732 3338 1931 3404 Hanc
1992 3338 2392 3404 sententiam
2455 3337 2542 3403 ad
2604 3336 2823 3403 multa
2864 3337 2999 3403 alia

890 3440 1322 3526 probabiliter
1373 3440 1660 3507 arbitror
1724 3440 2151 3517 dilatandam,
2197 3438 2564 3528 praesertim
2610 3460 2759 3505 cum
2804 3460 2997 3505 nemo

891 3540 1129 3608 debeat
1173 3542 1439 3661 ignarus
1484 3565 1622 3609 esse
1651 3540 2047 3609 conditionis
2091 3543 2148 3629 ej
2157 3564 2233 3606 us
2263 3562 2412 3607 cum
2456 3562 2588 3659 quo
2632 3540 3001 3621 contrahit3

893 3649 962 3709 et
1022 3644 1151 3709 sibi
1214 3644 1516 3723 maxime,
1579 3644 1636 3708 si
1705 3662 1888 3711 secus
1956 3666 2138 3731 spem
2200 3648 2321 3709 aut
2386 3644 2761 3730 opinionem
2830 3644 2997 3709 aeci-

889 3746 1077 3823 derit,
1127 3746 1453 3832 imputare
1500 3744 1750 3825 debeat,
1784 3746 1901 3831 qui
1946 3766 2291 3813 commune
2336 3746 2671 3832 negotium
2720 3745 2803 3810 de
2847 3766 2993 3832 pro-

885 3846 1032 3933 prio
1121 3844 1359 3913 maluit
1431 3846 1704 3912 arbitrio
1795 3848 2205 3913 committere
2294 3846 2580 3913 fortunae
2670 3846 2992 3927 manibuS,

886 3969 1086 4033 quam
1131 3948 1304 4013 vires
1349 3948 1491 4033 ejus
1552 3953 1622 4013 et
1665 3952 1979 4014 eventum
2040 3946 2443 4035 praemetiri,²
2487 3949 2801 4035 inspeetis
2846 3954 2993 4014 tum

881 4050 1032 4115 aliis
1078 4050 1591 4115 circumstantiis
1659 4056 1825 4128 tum,
1872 4051 2217 4136 praeoipue,
2272 4050 2593 4136 qualitate
2654 4051 2989 4118 consortis·

883 4150 1094 4232 Quod,
1140 4157 1347 4238 pater,
1395 4151 1452 4215 si
1511 4157 1733 4217 vestra
1793 4151 2103 4218 discretio
2170 4152 2242 4215 in
2304 4172 2500 4218 causa
2566 4152 2854 4219 eoclesiae
2923 4157 2991 4218 et

880 4255 1052 4340 regis
1122 4252 1488 4339 Anglorum
1551 4251 1638 4317 ab
1701 4252 1895 4318 initio
1958 4252 2369 4331 attendisset,
2432 4272 2849 4340 nequaquam
2918 4254 2991 4319 in

875 4358 1104 4421 tantas
1180 4352 1589 4419 calamitates
1665 4352 2004 4421 incidisset
2066 4353 2439 4441 Anglieana
2498 4355 2804 4436 eeclesia3
2870 4377 2991 4424 nec

879 4456 1229 4523 Gallicana
1294 4454 1499 4540 (quod
1545 4454 1686 4521 sine
1734 4455 1953 4521 dolore
2017 4477 2153 4522 non
2221 4456 2579 4544 loquimur)
2644 4462 2783 4524 tam
2842 4479 2989 4545 per-

884 4558 1134 4625 nicioso
1177 4562 1620 4624 attentaretur
1678 4562 1800 4623 aut
1856 4560 2338 4644 opprimeretur
2397 4560 2717 4647 exemplo,
2810 4559 2982 4627 Prae-

875 4708 989 4716 —-

1513 4786 1530 4819 ¹
1561 4788 1845 4855 prometiri,
1868 4786 1939 4851 23
1964 4790 2249 4857 prometiri,
2274 4790 2335 4849 L,
