3634 5800
610 1344 787 1405 Hopes
810 1342 871 1392 of

610 1425 761 1472 peace
787 1409 886 1457 (lis-

608 1475 901 1538 appointed.

948 845 1078 908 254
1384 883 1389 887 -
1829 861 2187 914 Errsromz:
2665 850 2826 932 [Am.
2862 847 3057 916 1170.

946 1046 1121 1110 ensis
1168 1046 1450 1112 ecclesiae
1514 1050 1815 1115 minister
1838 1049 1862 1087 ¹
1909 1051 2197 1129 humilis,
2245 1049 2484 1118 miser-²
2545 1072 2622 1116 ac
2665 1049 3058 1116 miserabilis

946 1148 1152 1226 exsul,
1198 1150 1439 1215 debitae
1482 1151 1910 1238 subjectionis
1955 1153 2365 1231 famulatum,
2413 1159 2482 1220 et
2527 1175 2646 1240 per
2707 1152 2932 1217 omnia
2975 1153 3055 1217 de

946 1251 1297 1336 praecipuis
1340 1254 1627 1318 ecclesiae
1672 1255 1960 1320 inimicis
2004 1257 2428 1342 triumphare.

1036 1352 1306 1419 Celebre
1355 1353 1775 1440 proverbium
1839 1363 1980 1422 est:
2034 1364 2067 1391 ‘⁶
2092 1357 2287 1437 Quod
2335 1358 2572 1426 redimi
2623 1363 2860 1443 potest,
2913 1357 3054 1421 sive

948 1461 979 1490 “
1026 1457 1339 1540 temporis
1370 1457 1799 1542 productione
1833 1459 1972 1524 sive
2003 1460 2187 1536 alias,
2218 1482 2352 1525 non
2399 1459 2725 1525 timetur?
2819 1458 2942 1522 Est
2987 1463 3056 1522 et

946 1559 1129 1623 aliud
1176 1561 1419 1644 quippe
1466 1559 1824 1626 celebrius:
1874 1569 1910 1596 “
1931 1563 2218 1627 Facilius
2265 1568 2366 1628 est
2411 1564 2622 1627 vitare
2691 1562 3054 1628 discordem

946 1667 980 1694 “
1026 1681 1224 1744 quam
1270 1661 1595 1727 declinare
1642 1662 1994 1728 fallacem.''
2089 1665 2253 1730 Inde
2300 1670 2422 1741 est,
2467 1665 2644 1750 quod
2674 1664 3052 1729 celsitudini

944 1766 1181 1826 vestrae
1226 1763 1641 1828 notificamus
1689 1765 1976 1848 qualiter
2021 1767 2329 1832 dominus
2373 1772 2598 1832 noster
2641 1789 2761 1831 rex
2790 1765 3052 1851 Angliae

941 1864 1220 1928 fallaciis
1265 1871 1336 1929 et
1379 1863 1561 1930 falsis
1606 1856 2152 1950 promissionibus
2199 1869 2353 1945 suiS,
2384 1891 2530 1933 cum
2571 1866 2758 1954 jam3
2794 1868 3049 1932 videre-

944 1987 1095 2030 mur
1140 1988 1278 2031 esse
1322 1967 1394 2029 in
1434 1967 1665 2052 januis
1712 1969 1893 2052 pacis
1937 1970 2112 2033 sicut
2173 1971 2373 2035 etiam
2421 1971 2506 2035 ab
2553 1970 2861 2034 omnibus
2913 1971 3050 2034 suis

942 2068 1332 2153 sperabatur
1378 2075 1445 2133 et
1491 2069 1893 2147 credebatur,
1941 2072 2204 2136 noviter
2248 2094 2368 2137 nos
2413 2072 2673 2158 decepit
2718 2072 3051 2137 occasione

943 2170 1355 2254 quorundam
1438 2171 1828 2234 nuntiorum
1905 2193 2174 2236 suorum
2265 2197 2306 2238 a
2395 2175 2741 2258 majestate
2829 2181 3053 2238 vestra

944 2271 1384 2350 redeuntium,
1417 2273 1533 2356 qui
1568 2273 1919 2357 jactabant
1965 2278 2034 2338 et
2077 2276 2544 2340 seminabant4
2587 2297 2656 2340 se
2688 2275 3051 2340 obtinuisse

944 2397 985 2440 a
1030 2374 1235 2450 vobiS,
1282 2375 1368 2439 ad
1416 2376 1587 2460 regis
1632 2376 2022 2461 petitionem
2072 2385 2137 2442 et
2185 2378 2590 2454 instantiam,
2661 2378 3050 2444 mandatum

946 2483 1014 2541 et
1058 2477 1523 2542 auctoritatem
1578 2478 1650 2540 in
1696 2478 2177 2564 depressionem
2227 2477 2720 2544 Cantuariensis
2766 2481 3052 2546 ecelesiae

942 2580 1452 2665 irreparabilem,
1528 2585 1597 2644 et
1670 2586 1964 2645 nostram
2043 2583 2248 2667 (quod
2309 2581 2492 2647 Deus
2563 2587 2827 2646 avertat
2849 2583 2908 2666 ἒ),
2985 2589 3052 2648 et

944 2683 1322 2747 coexsulum
1370 2689 1739 2747 nostrorum
1789 2684 2068 2748 ruinam.
2163 2684 2441 2770 Decepit
2485 2685 2718 2770 utique
2762 2706 2882 2749 nos
2927 2685 3052 2751 hae

944 2786 1089 2850 vice
1134 2785 1308 2850 sicut
1354 2789 1423 2848 et
1466 2785 1725 2869 saepiuS,
1772 2805 1894 2850 nec
1938 2785 2148 2850 solum
2203 2807 2342 2864 neS,
2389 2787 2504 2850 sed
2565 2793 2634 2852 et
2677 2788 2854 2852 viros
2900 2789 3050 2852 reli-

943 2888 1159 2975 giosos
1205 2891 1545 2974 portantes
1591 2887 1783 2953 nobis
1831 2910 1914 2953 ex
1975 2893 2164 2974 parte
2227 2911 2347 2953 sua
2393 2889 2595 2954 verba
2639 2890 2838 2975 pacis,
2902 2913 3050 2976 quae

947 2990 1295 3055 sanctitati
1354 2993 1593 3054 vestrae
1655 3011 1772 3074 per
1833 2989 2112 3053 latorem
2189 2989 2618 3076 praesentium
2677 2991 3051 3057 intimanda

946 3093 1406 3167 eommisimm,
1460 3112 1715 3155 necnon
1760 3090 2322 3177 arehiepiscopum
2367 3093 2916 3178 Rotomagensem
2983 3102 3050 3159 et

946 3192 1325 3279 Sagiensem
1382 3192 1755 3278 episcopum
1825 3194 2168 3259 mittentes
2235 3195 2444 3271 nobis,
2509 3195 2590 3258 de
2653 3197 3052 3263 conscientia

944 3302 1012 3359 et
1088 3294 1432 3359 voluntate
1509 3300 1709 3379 atque
1729 3294 1753 3332 ⁵
1828 3296 2141 3360 mandato
2217 3319 2351 3373 sue,
2427 3297 2704 3373 littei-sm,
2770 3298 3044 3384 quarum

944 3396 1415 3482 transcriptum
1476 3396 1665 3460 vobis
1727 3398 2260 3462 transmittimus·
2353 3398 2802 3463 Veruntamen
2866 3402 3048 3485 quic-

945 3500 1107 3584 quid
1176 3499 1256 3563 de
1346 3498 1539 3563 nobis
1612 3498 1858 3577 feeerit,
1935 3500 2194 3563 utinam
2271 3501 2686 3565 serenitatem
2759 3508 3044 3567 vestram

944 3602 1206 3667 blandis
1252 3606 1320 3667 et
1388 3601 1699 3665 inanibus
1768 3602 2103 3685 promissis
2148 3602 2256 3667 vel
2300 3602 2425 3668 hae
2471 3604 2616 3668 vice
2659 3626 2795 3669 non
2863 3606 3046 3671 delu-

944 3706 1120 3782 serit,
1168 3706 1339 3769 sieut
1380 3703 1704 3789 gloriatur
1748 3703 1993 3788 pluries
2055 3726 2121 3769 se
2168 3705 2411 3783 fecisse,
2459 3710 2538 3770 ut
2605 3710 3048 3791 protractione

944 3806 1258 3891 temporis
1325 3806 1669 3890 contingat
1730 3805 2068 3891 inopinate
2134 3806 2310 3890 quod
2369 3828 2712 3892 nunquam
2777 3810 3053 3876 videant

948 3909 1089 3993 ejus
1136 3908 1307 3973 oculi
1346 3912 1471 3971 aut
1516 3908 1793 3971 audiant
1838 3928 2043 3971 aures,
2136 3908 2226 3971 Et
2289 3908 2600 3993 quoniam
2662 3911 3048 3977 multotiens

946 4015 1329 4097 opportune,
1376 4012 1768 4093 importune,
1837 4009 2256 4095 prudentiam
2304 4016 2596 4093 vestram
2665 4013 3048 4079 sollicitavi-

944 4134 1107 4190 muS,
1156 4112 1541 4176 multotiens
1569 4111 1980 4195 pulsavimus
2027 4112 2112 4177 ad
2157 4132 2346 4177 aures
2391 4114 2763 4179 serenitatis
2795 4121 3048 4194 vestrae,

942 4220 1021 4279 ut
1064 4214 1461 4279 auctoritate
1505 4214 1685 4277 beati
1732 4213 1912 4279 Petri
1957 4212 2115 4278 huic
2173 4219 2364 4279 tanto
2410 4214 2602 4295 malo,
2650 4222 2856 4283 tantae
2903 4242 3046 4305 per-

941 4316 1285 4394 secutioni,
1330 4314 1705 4381 severitatis
1750 4337 2024 4381 censura
2069 4317 2269 4381 finem
2317 4317 2618 4383 debitum
2682 4320 3047 4407 imponere-

1012 4582 1027 4613 1
1061 4584 1294 4643 minister,
1316 4598 1417 4631 om.
1444 4582 1507 4631 11.
2113 4582 2133 4614 ⁴
2167 4581 2487 4644 simulabant,
2514 4583 2579 4635 L.

1008 4662 1028 4693 2
1063 4678 1126 4710 ac
1149 4663 1312 4721 miser,
1338 4663 1395 4720 Z,
1420 4662 1494 4720 L;
1530 4676 1593 4710 ac
1615 4676 1713 4710 om.
1740 4658 1807 4709 A.
2111 4660 2132 4693 ⁵
2167 4676 2247 4722 ccc,
2269 4660 2335 4712 L.

1008 4742 1030 4773 ³
1050 4742 1179 4804 jam,
1201 4741 1267 4798 A,
1294 4739 1364 4799 Z;
1400 4754 1500 4789 om.
1524 4740 1583 4790 L.
