3634 5800
896 857 982 919 86
1782 873 2137 922 EPISTOLAE.
2633 859 2790 943 [Ap.
2827 859 3017 932 1169,

895 1054 1073 1138 quod
1118 1054 1392 1119 tenebat
1436 1054 1703 1140 quando
1748 1055 1966 1120 exivit
2009 1056 2311 1142 recipere,
2354 1061 2425 1122 et
2470 1056 2779 1141 deinceps
2845 1055 3013 1121 bene

898 1160 968 1220 et
1011 1156 1085 1220 in
1129 1178 1288 1242 pace
1333 1157 1664 1242 possidere
1732 1158 1817 1222 ad
1863 1157 2178 1223 honorem
2242 1159 2385 1236 Dei,
2449 1160 2636 1224 salva
2697 1159 3014 1223 nimirum

556 1248 875 1368 ffifssstw
901 1258 1089 1344 regni
1164 1259 1268 1322 sui
1344 1259 1631 1343 pristina
1706 1259 2051 1344 dignitate,
2128 1261 2464 1325 concessit.
2561 1260 2731 1326 Cum
2807 1261 3016 1346 igitur

560 1382 622 1432 of
638 1400 845 1435 excom·
902 1359 1079 1424 inter
1143 1359 1481 1424 dominum
1544 1381 1765 1446 regem
1829 1365 1900 1425 et
1962 1361 2234 1426 nuntios
2299 1367 2555 1428 vestros
2629 1383 2829 1448 super
2889 1361 3014 1428 hoc

560 1451 861 1503 munientes.
902 1467 1232 1528 tractatus
1278 1463 1599 1549 prolixior
1660 1464 2017 1540 incidisset,
2087 1465 2159 1529 in
2205 1465 2409 1531 verbo
2455 1466 2792 1551 utrimque
2836 1487 3010 1533 com-

900 1565 1147 1650 placito
1193 1566 1551 1630 novissime
1619 1571 2088 1644 convenerunt,
2158 1568 2256 1632 ita
2301 1568 2550 1634 scilicet
2594 1574 2673 1633 ut
2718 1590 2826 1635 eos
2895 1569 3010 1655 qui

899 1672 1256 1754 praesentes
1324 1669 1603 1733 aderant
1672 1670 1903 1734 statim
1966 1668 2388 1748 absolverint,
2435 1677 2503 1736 et
2565 1672 2652 1736 ad
2720 1693 2829 1738 eos
2893 1671 3009 1756 qui

900 1776 1091 1836 erant
1166 1772 1237 1835 in
1313 1770 1564 1857 Anglia
1635 1771 2073 1837 absolvendos
2139 1772 2311 1837 alter
2385 1796 2630 1851 eorum,
2698 1774 3011 1839 videlicet

898 1874 1219 1960 magister
1261 1874 1606 1951 Vivimus,
1654 1873 1833 1939 illico
1880 1875 2182 1951 transire,
2221 1875 2394 1940 alter
2437 1877 2605 1941 citra
2627 1876 2650 1914 ¹
2698 1898 2874 1941 mare
2920 1877 3007 1940 ad

899 1976 1390 2041 exsecutionem
1465 1975 1786 2041 condictae
1862 1977 2042 2061 pacis
2118 1976 2569 2042 consenserint
2657 1998 3015 2043 remanere.

563 2064 851 2161 Diffefffnqe
899 2080 1329 2145 Postmodum
1419 2102 1577 2144 vero
1651 2085 1958 2145 revocato
2036 2101 2373 2156 consensu,
2462 2081 2739 2145 verbum
2788 2079 2798 2089 ‘
2830 2080 3008 2167 quod
3094 2119 3097 2122 >

562 2138 724 2263 {¹333-
763 2134 875 2199 ‹hg-
889 2180 1031 2264 jam
1080 2186 1504 2266 susceperant
1565 2180 2032 2246 conservandae
2076 2180 2148 2244 in
2193 2179 2496 2245 futurum
2540 2182 2738 2266 regiae
2790 2182 3007 2267 digni-

896 2283 1059 2346 tatis
1104 2283 1456 2347 admittere
1499 2283 1874 2358 noluerunt,
1922 2303 1998 2346 ea
2044 2303 2192 2367 quae
2247 2282 2390 2367 jam
2437 2283 2791 2348 salubriter
2858 2284 3004 2368 qui·

898 2384 1048 2448 dem
1092 2383 1413 2469 disposita
1459 2383 1727 2448 fuerant
1772 2384 2046 2467 exsequi
2076 2388 2468 2447 recusantes.
2565 2384 2705 2470 Ego
2751 2385 2999 2472 itaque,

896 2505 1048 2549 cum
1093 2483 1388 2569 praefatis
1433 2505 1570 2548 non
1614 2483 2114 2548 contemnendae
2137 2480 2165 2519 2
2205 2484 2628 2548 auctoritatis
2691 2486 2996 2569 personis

811 2633 816 2638 -
897 2606 1046 2670 quae
1089 2586 1383 2664 aderant,
1430 2607 1549 2671 pro
1595 2586 1768 2651 bono
1812 2590 2024 2650 tantae
2071 2585 2249 2669 pacis
2312 2585 2553 2650 missus
2598 2588 2780 2656 omni
2826 2587 3000 2673 vigi-

895 2688 1109 2753 lantia
1152 2694 1221 2753 et
1270 2688 1716 2753 sollicitudine
1779 2687 2000 2751 institi
2047 2692 2144 2764 ut,
2207 2687 2380 2751 sicut
2445 2687 2700 2752 dictum
2766 2689 3000 2766 fuerat,

893 2790 1250 2875 praeposito
1302 2789 1549 2854 honore
1596 2788 1739 2866 Dei,
1788 2792 1859 2852 et
1920 2788 2107 2874 regni
2153 2793 2374 2857 stante
2442 2789 2722 2874 antiqua
2785 2790 3001 2875 digni-

893 2895 1054 2968 tate,
1100 2896 1179 2956 ut
1225 2891 1501 2978 dignum
1547 2894 1666 2967 est,
1711 2889 1939 2954 nuntii
1984 2889 2192 2953 vestri
2240 2889 2538 2967 verbum,
2570 2891 2897 2977 optimum
2931 2896 3000 2957 et

893 2995 1076 3060 omni
1122 2994 1499 3079 acceptione
1560 2992 1858 3079 dignum,
1903 2990 2104 3076 reyioe
2150 2989 2516 3076 diynitatis
2561 3014 2709 3057 cum
2754 2993 2999 3078 gaudio

893 3097 1318 3182 susciperent,
1363 3117 1447 3160 ne
1492 3099 1757 3158 tantum
1802 3095 2052 3158 bonum
2097 3099 2479 3157 remaneret.
2572 3093 2663 3158 Et
2707 3115 2857 3159 cum
2926 3095 3000 3159 in

891 3201 1016 3265 hac
1038 3199 1064 3238 ³
1129 3204 1356 3265 nostra
1422 3198 1841 3284 persuasione
1905 3198 2194 3261 multum
2258 3197 2629 3263 laboratum
2696 3204 2866 3264 esset
2932 3203 3002 3263 et

845 3308 850 3314 ’
890 3302 1063 3366 nihil
1108 3300 1562 3377 elaboratum,⁴
1607 3300 1941 3365 doluimus
2007 3299 2384 3385 plurimum,
2434 3301 2801 3385 praesertim
2847 3322 2994 3365 cum

890 3408 1148 3470 constet
1208 3403 1397 3469 nobis
1458 3423 1576 3488 pro
1644 3407 1824 3467 certo
1889 3402 2065 3486 quod
2133 3403 2206 3465 in
2275 3402 2731 3466 observatione
2796 3403 2995 3488 regiae

892 3505 1243 3593 dignitatis
1288 3505 1562 3569 libertas
1607 3508 1729 3567 aut
1774 3502 2069 3587 dignitas
2115 3502 2555 3567 ecclesiastica
2613 3502 2996 3568 nullatenus

553 3612 775 3691 Eoplesi·
889 3614 1359 3696 praegravetur.
1455 3606 1799 3692 Siquidem
1846 3614 1881 3639 “
1901 3605 2194 3692 dignitas
2213 3604 2238 3642 ⁵
2283 3604 2720 3671 ecclesiastica
2750 3606 2995 3692 regiam

552 3682 730 3810 :gfff
751 3682 853 3731 ἀἱ
890 3721 923 3748 “
969 3712 1277 3800 provehit
1324 3712 1546 3797 potius
1592 3729 1790 3795 quam
1860 3707 2098 3772 adimit
2162 3707 2574 3793 dignitatem,
2623 3713 2693 3772 et
2757 3708 2996 3793 regalis

552 3826 737 3876 power.
890 3823 925 3849 “
971 3817 1263 3902 dignitas
1293 3810 1799 3878 ecclesiasticam
1845 3809 2070 3895 potius
2101 3829 2487 3874 conservare
2535 3830 2734 3894 quam
2765 3809 2996 3875 tollere

889 3927 927 3953 “
971 3916 1314 3983 consuevit
1375 3913 1790 3991 libertatem3
1841 3911 2089 3976 etenim
2153 3910 2341 3995 quasi
2411 3910 2803 3995 quibusdam
2868 3912 2995 3977 sibi

892 4028 925 4054 “
968 4019 1260 4083 invicem
1306 4014 1757 4101 complexibus
1827 4013 2119 4099 dignitas
2165 4011 2600 4076 ecclesiastica
2645 4018 2713 4077 et
2755 4014 2995 4099 regalis

887 4129 922 4158 “
968 4122 1336 4194 occurrunt,
1379 4137 1532 4183 cum
1576 4135 1697 4181 nec
1748 4135 1935 4200 reges
1981 4113 2264 4178 salutem
2333 4112 2474 4178 sine
2521 4112 2805 4191 ecclesia,
2874 4136 2995 4180 nec

909 4291 975 4301 0—-

843 4416 849 4420 .
961 4380 979 4413 ²
1008 4382 1163 4441 circa,
1210 4378 1270 4441 Z,
1322 4373 1442 4425 with
1498 4370 1781 4422 correction
1836 4370 1891 4420 in
2060 4368 2082 4401 ⁵
2115 4369 2238 4419 This
2261 4385 2434 4420 rccurs
2456 4372 2750 4436 repeatedly
2774 4370 2827 4420 in
2850 4371 2992 4422 these

887 4459 1102 4525 margin,
1990 4449 2176 4505 letters,
2214 4449 2316 4497 and
2359 4449 2470 4497 also
2509 4447 2562 4496 in
2601 4448 2667 4497 R.
2704 4449 2767 4499 de
2804 4447 2990 4498 Diceto

953 4537 976 4570 ²
1009 4542 1305 4599 contemptos,
1328 4531 1396 4583 L.
1991 4526 2053 4588 (i.
2078 4529 2225 4589 335),
2257 4527 2363 4576 and
2395 4526 2439 4577 is
2471 4525 2733 4592 evidently
2756 4543 2788 4577 a
2810 4535 2992 4592 quota-

953 4617 976 4651 ⁸
1013 4618 1065 4665 in
1088 4615 1204 4672 hac,
1229 4613 1297 4672 A,
1322 4612 1361 4660 Z
1382 4631 1395 4669 3
1434 4623 1533 4659 om.
1557 4607 1620 4657 L.
1987 4605 2116 4655 tion.

955 4697 974 4728 ⁴
1008 4701 1137 4745 esset
1158 4691 1397 4756 repeated
1412 4688 1544 4738 after
1565 4683 1890 4747 elaboratum,
