3634 5800
700 856 831 912 Aa).
869 841 1093 931 1170.]
1570 856 1932 911 must-omn.
2675 841 2803 905 405

704 1042 887 1108 tibus
946 1045 1289 1130 perceptis,
1335 1047 1527 1111 nobis
1594 1051 1667 1112 et
1708 1046 1962 1113 clericis
2008 1044 2256 1111 nostris
2303 1064 2584 1130 quorum
2630 1044 2806 1116 sunt,

707 1166 791 1210 ex
866 1147 1181 1213 mandato
1259 1153 1481 1213 vestro
1566 1148 1842 1213 reddere
1923 1148 2306 1213 debuerant.
2403 1142 2814 1229 Praecepistis
2834 1152 3082 1215 Quesuon

708 1248 885 1311 enim
954 1247 1220 1314 domino
1306 1248 1825 1336 Rothomagensi
1894 1255 1964 1315 et
2038 1248 2340 1336 episcopo
2408 1243 2812 1311 Nivernensi
2835 1221 3129 1335 ffiupgnafflffi

710 1354 790 1413 ut
832 1370 943 1415 eos
1010 1350 1450 1429 absolverent,
1492 1357 1763 1437 accepto
1825 1351 2186 1418 secundum
2232 1371 2480 1415 morem
2526 1346 2811 1412 ecclesiae
2837 1352 2924 1429 tlffe

710 1457 1133 1529 sacramente,
1204 1460 1273 1517 et
1349 1452 1784 1538 praeciperent
1859 1453 2260 1517 auctoritate
2322 1456 2548 1516 vestra
2621 1446 2812 1512 nobis
2836 1418 3057 1480 bxshops.

712 1554 1011 1620 ecclesias
1085 1560 1345 1620 nostras
1368 1554 1390 1593 ¹
1437 1577 1587 1621 cum
1634 1555 1959 1621 fructibus
2025 1554 2362 1641 resignari.
2453 1552 2812 1635 Postquam

714 1677 873 1722 vero
917 1656 1003 1721 ad
1048 1658 1386 1723 ecclesiam
1456 1661 1749 1723 nostram
1796 1658 2121 1735 venimus,
2183 1653 2630 1723 incontinenti
2692 1672 2814 1716 nos

712 1756 1065 1823 adierunt2
1110 1757 1417 1825 officiales
1460 1760 1654 1843 regiS,
1686 1759 2168 1825 denuntiantes
2211 1782 2298 1824 ex
2343 1762 2536 1844 parte
2579 1754 2814 1841 ipsius,

714 1859 886 1925 sicut
949 1881 1058 1925 eos
1140 1861 1448 1925 dominus
1519 1861 1951 1927 Eboracensis
2021 1868 2090 1927 et
2153 1858 2638 1926 Lundoniensis
2659 1854 2686 1895 ³
2747 1859 2817 1919 et

717 1960 1225 2027 Saresberiensis
1293 1962 1580 2049 episcopi
1662 1963 2201 2041 informaverant,
2227 1963 2257 2002 ⁴
2317 1969 2396 2028 ut
2469 1979 2816 2046 suspensos

716 2063 1049 2149 episcopos
1096 2068 1165 2128 et
1208 2064 1813 2130 excommunicatos
1859 2066 2374 2145 absolveremus,
2419 2064 2597 2149 quia,
2642 2058 2820 2145 quod

717 2170 945 2230 contra
1007 2186 1115 2231 eos
1179 2165 1429 2231 factum
1449 2164 1475 2203 ⁶
1540 2164 1757 2231 fuerat
1819 2167 1893 2230 in
1958 2167 2132 2252 regis
2199 2167 2511 2253 injuriam
2579 2161 2820 2228 redun-

717 2266 920 2331 dabat
964 2271 1034 2331 et
1093 2267 1166 2329 in
1226 2267 1630 2332 eversionem
1696 2268 2249 2333 consuetudinum
2296 2267 2499 2353 regni,
2545 2264 2822 2353 promit-

719 2373 938 2432 tentes
1002 2368 1337 2453 episcopos
1398 2368 1759 2453 provinciae
1819 2374 2062 2435 nostrae
2128 2374 2277 2455 post
2343 2366 2822 2433 absolutionem

720 2474 1036 2534 venturos
1112 2490 1249 2534 esse
1324 2470 1411 2535 ad
1474 2490 1611 2546 nOS,
1689 2476 1759 2534 et
1825 2468 2014 2555 juri,6
2057 2470 2243 2535 salvo
2304 2470 2551 2535 honore
2618 2467 2824 2553 regni,

722 2570 1004 2635 libenter
1050 2570 1398 2655 parituros,
1493 2571 1637 2635 Nos
1704 2576 1932 2637 autem
1997 2570 2460 2657 respondimus
2505 2590 2640 2633 non
2687 2588 2826 2632 esse

715 2672 963 2757 judicis
1031 2672 1357 2737 inferioris
1422 2677 1502 2735 ut
1564 2672 1922 2756 superioris
1983 2672 2382 2737 sententiam
2458 2670 2692 2745 solvat,
2761 2672 2830 2732 et

726 2774 903 2858 quod
978 2773 1149 2837 nulli
1216 2771 1530 2837 omnino⁷
1604 2772 1952 2838 hominum
2020 2774 2177 2839 licet
2243 2772 2578 2837 infirmare
2653 2768 2828 2855 quod

726 2875 1085 2962 apostolica
1130 2876 1313 2941 sedes
1360 2874 1741 2941 decreverit.
1836 2874 2010 2956 Quia
2055 2882 2278 2942 tamen
2323 2874 2425 2939 illi
2470 2872 2830 2938 instantius

727 2978 1187 3064 perurgebant,
1254 2982 1322 3042 et
1386 2977 1815 3043 minabantur
1859 2977 2202 3042 dominum
2265 2999 2502 3062 regem,
2563 2975 2686 3039 nisi
2738 2975 2830 3038 eis

726 3079 1302 3164 acquiesceremus,
1372 3080 1542 3144 mira
1587 3085 1657 3144 et
1718 3080 2049 3165 stupenda
2123 3079 2474 3157 facturum,
2542 3078 2832 3142 diximus

730 3184 838 3258 eis,
903 3181 1095 3266 quod,
1157 3182 1213 3245 si
1280 3181 1768 3246 Lundoniensis
1835 3187 1904 3246 et
1973 3181 2484 3247 Saresberiensis
2547 3184 2834 3270 episcopi

720 3282 1030 3368 jurarent
1116 3304 1335 3348 coram
1403 3283 1596 3348 nobis
1616 3281 1641 3318 ⁸
1711 3283 1785 3346 in
1853 3283 2066 3349 forma
2128 3284 2414 3350 ecclesiae
2482 3307 2550 3350 se
2614 3291 2837 3350 vestro

732 3383 1048 3450 mandato
1080 3384 1430 3470 parituros,
1478 3405 1599 3448 nos
1646 3405 1766 3469 pro
1811 3405 1972 3469 pace
2019 3385 2307 3451 ecclesiae
2354 3391 2423 3451 et
2469 3388 2838 3452 reverentia

734 3485 987 3550 domini
1032 3487 1222 3572 regis,
1267 3507 1414 3550 cum
1442 3483 1467 3524 ⁹
1532 3485 1807 3552 consilio
1875 3486 2084 3572 ipsius
2148 3492 2217 3551 et
2284 3487 2532 3552 domini
2580 3488 2836 3554 Winto-

734 3587 983 3654 niensis
1059 3591 1132 3652 et
1207 3587 1487 3651 aliorum
1565 3585 1850 3650 fratrum
1916 3593 2309 3666 nostrorum,
2373 3589 2842 3675 subjiceremus

736 3687 1042 3773 pericu10‚
1088 3694 1157 3752 et
1188 3687 1548 3752 faceremus
1580 3686 1735 3752 inde
1760 3685 1813 3725 ¹⁰
1849 3687 2176 3773 quidquid
2221 3691 2626 3774 possemus‚¹¹
2658 3691 2844 3756 salva

736 3789 1109 3854 reverentia
1154 3792 1393 3865 vestra,
1459 3794 1528 3852 et
1596 3809 1705 3853 eos
1775 3794 2094 3874 tanquam
2157 3790 2397 3855 fratres
2459 3791 2530 3854 in
2578 3790 2844 3857 Christo

739 3893 1103 3957 carissimos
1165 3891 1605 3977 diligeremus
1669 3897 1739 3956 et
1806 3891 1879 3954 in
1943 3894 2119 3956 omni
2197 3892 2702 3959 mansuetudine
2775 3901 2845 3958 et

740 3991 1207 4058 humanitatem
1232 3998 1682 4058 tractaremus,
1763 3992 1972 4072 Quod,
1997 4015 2146 4058 cum
2178 3994 2495 4079 episcopis
2527 3994 2612 4058 ab
2643 3995 2844 4060 inter-

740 4095 1117 4160 meantibus
1194 4095 1567 4170 referretur,
1647 4095 1992 4181 respondit
2039 4095 2482 4176 EboracensiS,
2553 4117 2849 4182 quaerens

812 4294 826 4326 ¹
862 4299 1083 4354 nostras,
1104 4293 1167 4356 O,
1188 4293 1251 4356 C,
1276 4295 1327 4344 A
1348 4315 1361 4355 ;
1398 4309 1499 4344 om.
1525 4295 1581 4354 Z,
1608 4295 1667 4344 L.
1911 4295 1932 4333 7
1965 4297 2177 4359 omnino,
2199 4313 2298 4347 om.
2323 4297 2384 4347 L.

808 4373 830 4406 2
864 4373 1169 4438 affecerunt,
1192 4374 1261 4423 V.
1909 4375 1932 4408 ⁸
1969 4375 2130 4437 nobis,
2152 4391 2251 4424 om.
2275 4375 2336 4427 C.

810 4451 832 4485 ⁸
868 4451 1033 4502 Lond.
1073 4451 1333 4516 episcopus
1372 4459 1421 4501 et
1463 4449 1745 4502 Sarisberi-
1912 4453 1934 4484 ⁹
1967 4470 2092 4515 cum,
2115 4470 2215 4504 om.
2241 4453 2302 4506 C.

744 4531 897 4593 ensis,
922 4531 981 4582 C.
1915 4531 1954 4564 ¹⁰
1987 4531 2118 4594 iude,
2140 4550 2242 4584 om.
2267 4534 2326 4585 C.

812 4610 833 4642 ⁴
868 4612 1283 4675 reformaverunt,
1307 4610 1376 4659 V.
1921 4609 1955 4642 ¹¹
1983 4627 2258 4676 possemus,
2281 4610 2340 4673 C,
2364 4612 2433 4672 Z;
2470 4627 2570 4662 om.
2595 4613 2656 4665 L.

812 4691 833 4722 ⁶
852 4691 1076 4755 sactum,
1098 4703 1197 4738 om.
1224 4689 1285 4741 C.
1921 4687 1960 4721 ¹²
1990 4687 2314 4756 humanitate,
2355 4691 2416 4752 C,
2440 4693 2512 4754 Zg
2572 4690 2863 4761 humilitate,

814 4767 836 4800 ⁶
867 4784 937 4829 se,
960 4766 1055 4818 ins.
1082 4766 1141 4819 C.
1854 4765 1924 4824 A,
1948 4767 2010 4816 L.
