3634 5800
857 857 988 922 264
1729 877 2084 926 Ems'rOLAE.
2552 859 2723 948 [Am.
2760 857 2951 930 1170.

859 1080 1081 1136 venas,
1127 1060 1304 1144 quod
1366 1060 1814 1125 sinceritatem
1861 1066 2153 1126 vestram
2199 1062 2469 1147 quidam
2515 1063 2587 1126 in
2640 1064 2953 1149 injuriam

858 1167 1102 1226 sanctae
1151 1160 1650 1226 Cantuariensis
1711 1162 1999 1227 ecclesiae
2062 1163 2356 1228 animare
2419 1168 2487 1228 et
2538 1185 2791 1229 annare
2850 1164 2952 1228 ni-

857 1267 1115 1339 tuntur,
1161 1267 1240 1327 ut
1283 1262 1422 1326 filio
1469 1263 1721 1327 domini
1783 1265 1955 1349 regis
2008 1264 2219 1348 (cujus
2284 1265 2427 1328 vias
2473 1265 2653 1329 Deus
2707 1265 2953 1351 dirigat

857 1361 930 1425 in
1005 1362 1416 1448 beneplacito
1493 1385 1611 1427 suo
1647 1365 1691 1446 l)
1767 1363 2073 1429 diadema
2144 1366 2519 1450 imponatis,
2588 1371 2657 1430 et
2732 1366 2953 1452 ipsum

858 1470 1088 1529 contra
1132 1465 1232 1528 fas
1293 1466 1734 1550 promoveatis
1791 1467 1866 1529 in
1926 1488 2163 1552 regem.
2257 1467 2474 1546 Quod,
2519 1469 2677 1552 quia
2722 1471 2955 1533 contra

861 1565 1254 1650 dignitatem
1302 1564 1800 1632 Cantuariensis
1847 1567 2151 1644 ecclesiae‚
2191 1569 2248 1631 si
2278 1568 2448 1632 forte
2498 1568 2698 1653 (quod
2750 1568 2951 1646 absit)

861 1671 1388 1750 praesumeretur,
1451 1688 1588 1731 esse
1664 1667 2197 1733 manifestissime
2274 1674 2552 1745 constat,
2618 1669 2741 1734 hoc
2814 1674 2953 1733 tam

862 1768 1052 1832 vobis
1097 1791 1297 1852 quam
1343 1769 1650 1833 omnibus
1694 1769 2015 1854 episcopis
2076 1769 2339 1854 Angliae
2402 1770 2706 1834 dominus
2770 1790 2955 1854 papa,

862 1868 1035 1933 sicut
1095 1890 1179 1932 ex
1241 1869 1482 1934 litteris
1543 1868 1684 1952 ejus
1756 1891 1919 1953 quas
1984 1870 2171 1935 vobis
2234 1871 2751 1934 transmittimus
2810 1891 2958 1955 per·

861 1969 1163 2055 spicuum
1209 1975 1326 2046 est,
1358 1969 1740 2048 interdicit3
1785 1975 1856 2034 et
1884 1992 2018 2046 nos,
2072 1993 2155 2035 ne
2201 1972 2286 2036 ab
2316 1971 2539 2056 aliquo
2585 1976 2959 2036 attentetur

861 2070 1256 2136 auctoritate
1311 2069 1672 2154 apostolica
1734 2069 2174 2155 prohibemus,
2220 2093 2419 2157 super
2464 2071 2587 2136 hoc
2640 2071 2956 2137 adversus

861 2191 1121 2234 omnem
1184 2172 1474 2236 animam
1534 2170 1659 2235 hoc
1721 2170 2101 2236 molientem
2164 2172 2592 2258 appellanteS,
2653 2173 2955 2256 diemque

862 2271 1263 2356 praefigimus
1311 2271 1845 2334 Purificationem
1904 2270 2163 2336 Sanctae
2209 2273 2453 2337 Mariae.
2547 2273 2636 2336 Et
2679 2293 2763 2336 ne
2810 2273 2956 2356 quis

862 2393 1105 2434 eorum.
1139 2372 1249 2456 qui
1299 2371 1749 2456 jurisdictioni
1804 2376 2047 2438 nostrae
2094 2373 2573 2458 metropolitico
2616 2378 2736 2437 aut
2781 2373 2957 2457 lega-

861 2471 1064 2536 tionis
1119 2472 1272 2556 jure
1337 2471 1618 2556 subjecti
1688 2479 1843 2536 sunt
1897 2471 2053 2538 huic
2120 2474 2483 2538 temeritati
2542 2474 2823 2548 assistat,
2889 2473 2959 2534 in

863 2571 1116 2636 virtute
1181 2572 1578 2638 obedientiae
1644 2581 1714 2636 et
1780 2571 1907 2636 sub
1970 2573 2393 2640 anathemate
2455 2574 2721 2660 penitus
2785 2572 2957 2636 inhi-
2998 2634 3003 2638 .

860 2674 1104 2741 bemus

1762 3062 2038 3129 DOLII.

977 3200 1316 3266 Ems‘rom
1360 3200 1734 3265 ΗΕΒΒΕΒΤΙ
1782 3214 2209 3265 Exsumrrs
2253 3216 2351 3264 An
2394 3199 2843 3265 ermmnm

1435 3302 1909 3367 Senonnnsnu
1956 3318 2581 3366 ARCHIEPISCOPUM.

1679 3428 1765 3489 (P.
1791 3430 1821 3479 7
1842 3449 1857 3489 ;
1890 3428 2048 3478 Herb.
2066 3430 2139 3489 7.)

954 3524 1102 3602 Qua
1147 3522 1494 3586 verborum
1557 3520 1873 3585 facundia
1939 3519 2263 3603 quibusve
2328 3518 2573 3605 linguae
2620 3519 2959 3604 praeconiis

863 3628 968 3688 tot
1013 3634 1082 3688 et
1127 3627 1348 3687 tantas
1394 3620 1847 3685 miserationes
1894 3625 2149 3685 vestras
2193 3619 2281 3684 ab
2326 3619 2521 3683 initio
2582 3621 2958 3703 passionum

863 3724 1054 3789 nobis
1101 3723 1432 3787 exhibitas
1497 3720 1819 3807 condigne
1866 3721 2229 3795 efferamus,
2274 3719 2572 3783 invenire
2618 3740 2751 3783 non
2815 3742 2958 3805 pos-

862 3846 1130 3903 sumus;
1189 3824 1304 3888 sed
1366 3843 1543 3887 nunc
1611 3821 1989 3907 praesertim,
2054 3840 2202 3886 cum
2272 3819 2551 3905 amplior
2612 3820 2961 3885 miserendi

861 3929 1290 4011 praestaretur
1319 3924 1583 3998 occasio,
1613 3922 1696 3987 ad
1744 3927 1970 3986 nostra
2014 3920 2309 3986 sananda
2338 3920 2615 3985 vulnera
2658 3921 2963 3985 omnibus

863 4032 1224 4113 patuerunt
1253 4026 1504 4089 viscera
1526 4023 1984 4088 misericordiae
2015 4026 2271 4087 vaetrae.
2336 4020 2596 4098 Omnes,
2620 4042 2660 4085 a
2690 4022 2963 4087 minimo

863 4150 1072 4213 usque
1141 4127 1529 4202 maximum,
1573 4130 2029 4211 cognoverunt
2104 4131 2174 4188 et
2238 4123 2666 4209 apostolicum
2742 4124 2962 4187 virum

865 4230 1231 4315 praedicant
1275 4228 1391 4313 qui
1460 4248 1626 4290 onus
1673 4231 1976 4289 nostrum
2046 4229 2239 4288 tanta
2283 4224 2557 4288 caritate
2622 4230 2964 4309 supporta-

867 4331 1054 4395 verit.
1148 4328 1346 4393 Unde
1395 4328 1624 4391 divina
1693 4325 2121 4390 miseratione
2166 4325 2503 4389 tribuente
2548 4344 2793 4389 merces
2836 4326 2965 4390 erit

866 4430 1047 4516 operi
1096 4433 1318 4493 vestro
1387 4433 1457 4491 et
1521 4448 1676 4512 opes
1739 4425 2120 4490 novissimis
2167 4425 2424 4491 vestris.
2520 4424 2661 4490 Nos
2723 4430 2964 4501 autem,

865 4553 1002 4597 non
1065 4529 1276 4593 solum
1345 4526 1706 4593 confratres
1774 4530 1844 4590 et
1904 4526 2119 4602 amici,
2164 4525 2279 4589 sed
2342 4545 2463 4610 ego
2509 4529 2577 4589 et
2643 4525 2965 4609 passionis

865 4632 996 4695 mei
1066 4626 1246 4707 socii,
1313 4627 1674 4693 scabellum
1749 4626 1912 4691 facti
1978 4646 2207 4690 sumus
2269 4625 2513 4711 pedum
2577 4630 2961 4690 vestrorum.

864 4732 1113 4797 Verum
1182 4728 1710 4816 periclitantibus
1777 4726 1997 4793 adhuc
2064 4725 2272 4791 servis
2335 4725 2773 4794 necessarium
2842 4731 2962 4805 est,
