3634 5800
550 899 685 952 Aa).
722 883 947 972 1171.]
1432 897 1788 946 Erls‘roLAE.
2533 879 2663 949 475

556 1091 872 1176 magister
916 1089 1245 1157 Henricus
1313 1090 1386 1154 in
1430 1087 1735 1175 proximo
1800 1086 2075 1153 venturi
2141 1091 2370 1166 erant3
2424 1090 2493 1150 et
2554 1106 2664 1150 eos

558 1193 824 1277 quidem
902 1191 1271 1256 dimisimus
1332 1191 1513 1256 ultra
1570 1189 1841 1254 modum
1909 1187 2144 1252 anxios
2212 1193 2281 1251 et
2344 1187 2664 1264 turbato-e,

558 1296 715 1380 quia
758 1317 877 1380 pro
922 1294 1249 1380 explendo
1294 1293 1561 1380 negotio
1606 1295 1830 1357 vestro
1874 1313 1994 1377 pro
2055 1290 2226 1354 velle
2271 1311 2391 1355 suo
2437 1290 2664 1354 venire

558 1418 693 1462 non
744 1402 1069 1482 poterant.
1162 1396 1453 1482 Fuitque
1522 1396 1604 1460 de
1672 1393 1946 1460 consilio
2013 1414 2238 1458 eorum
2307 1396 2377 1458 et
2440 1398 2666 1458 nostro

560 1499 740 1584 quod
784 1501 903 1563 n'os
949 1518 1357 1584 quocumque
1422 1497 1617 1562 modo
1662 1496 2174 1581 praecederemus
2238 1515 2366 1571 eos,
2413 1498 2492 1558 ut
2555 1493 2666 1558 de-

562 1599 759 1664 decus
802 1605 872 1664 ct
914 1599 1181 1676 malum,
1214 1598 1390 1684 quod
1421 1598 1751 1683 parabant
1778 1596 1970 1662 nobis
2015 1594 2376 1661 adversarii
2411 1594 2616 1659 vestri
2643 1592 2666 1630 ¹

560 1701 877 1788 impedire
923 1722 1273 1788 possemus.
1368 1700 1551 1768 Certi
1584 1701 1761 1765 enim
1808 1719 2086 1776 (aramue,
2117 1698 2294 1783 quod
2325 1701 2619 1762 vestrum
2639 1696 2666 1736 ²

560 1793 925 1891 gravamen
962 1805 1036 1868 in
1081 1804 1266 1871 curia
1327 1799 1872 1888 praeparabatur,⁸
1937 1807 2006 1866 et
2071 1801 2418 1866 timuimus
2487 1798 2666 1864 illius

561 1908 696 1972 diei
747 1907 1305 1973 consuetudinem.
1397 1905 1499 1970 De
1522 1903 1549 1943 4
1614 1903 1873 1970 nuntiis
1936 1925 2102 1989 quos
2169 1903 2254 1967 ad
2324 1902 2665 1967 dominum

560 2007 1019 2092 imperatorem
1096 2006 1389 2082 misistis,
1464 2006 1636 2070 nihil
1716 2010 1947 2090 postea
2038 2004 2430 2069 audivimus,
2563 2004 2668 2067 De

562 2108 764 2172 verbo
810 2108 987 2192 quod
1016 2107 1185 2172 mihi
1216 2129 1333 2193 per
1362 2106 1805 2192 Reginaldum
1836 2105 2113 2170 misistis
2153 2109 2404 2170 secreto
2449 2125 2664 2170 coram

561 2207 894 2273 Willelmo
939 2207 1079 2273 filio
1128 2207 1470 2284 Hamonis,
1518 2213 1587 2272 et
1630 2207 2052 2293 postmodum
2084 2205 2312 2272 abbati
2357 2205 2440 2270 de
2485 2203 2665 2270 Wal-

564 2309 747 2387 lacia,
786 2332 969 2396 spem
1000 2311 1249 2375 bonum
1282 2309 1699 2394 concepimus
1731 2308 1906 2394 quod
1939 2308 2070 2374 fiet.
2165 2307 2402 2373 Valeat
2431 2325 2500 2373 et,
2545 2309 2662 2373 diu

564 2413 791 2499 vigeat
836 2411 1215 2477 sublimitas
1260 2414 1503 2476 vestra.
1599 2409 2090 2475 Confortamini
2136 2409 2210 2475 in
2254 2409 2544 2475 Domino
2595 2414 2665 2474 et

563 2513 823 2578 exultet
870 2533 982 2578 cor
1024 2517 1340 2588 vestrum,
1387 2511 1698 2596 quoniam
1760 2513 1913 2596 post
1935 2509 1961 2548 ³
2002 2531 2298 2596 praesens,
2356 2511 2662 2575 nubilum

565 2615 651 2678 ad
695 2612 975 2699 gloriam
1035 2618 1327 2678 vestram
1392 2617 1707 2697 sequetur
1772 2631 2095 2676 serenum.
2188 2609 2316 2675 Die
2383 2611 2665 2677 Sabbati

566 2718 723 2780 ante
740 2713 768 2752 ⁶
819 2734 1033 2778 ramos
1079 2713 1457 2778 Palmarum
1518 2712 1605 2776 ad
1670 2713 1921 2778 curiam
1967 2711 2291 2789 venimus,
2337 2717 2404 2776 et
2425 2713 2620 2778 ·lator
2641 2711 2666 2754 ⁷

566 2816 991 2906 praesentium
1039 2814 1145 2880 die
1192 2814 1453 2902 paschae
1502 2815 1772 2880 recessit
1816 2836 1859 2879 a
1904 2815 2110 2880 nobis,
2201 2813 2480 2881 Valete.⁸

1446 3340 1743 3409 DOOLI.

568 3508 897 3575 Numms
942 3524 1141 3573 REGIS
1192 3508 1573 3593 [RchBno]
1625 3507 2047 3589 Pmuvmxffl
2073 3478 2668 3574 'nonmuconofl
2741 3600 2749 3607 .

946 3669 1037 3732 (Ο.
1062 3668 1112 3718 ii.
1137 3673 1235 3718 326
1256 3688 1270 3728 ς
1305 3669 1365 3718 Ζ.
1387 3685 1435 3719 v.
1455 3674 1550 3730 883
1585 3670 1716 3733 Lup.
1740 3685 1790 3718 v.
1814 3674 1909 3729 84;
1947 3670 2012 3720 G.
2027 3669 2116 3719 fol.
2140 3671 2285 3732 469.)

646 3813 780 3893 Qui
802 3813 1051 3879 fuerint
1078 3809 1127 3853 ¹⁰
1156 3812 1355 3899 primi
1385 3812 1610 3877 nuntii
1640 3812 1830 3899 regiS‚
1863 3816 1933 3877 et
1961 3812 2080 3899 qui
2109 3812 2394 3891 secundi,
2421 3818 2489 3879 et
2511 3813 2670 3899 quid
2692 3812 2904 3927 {23⁰5ss

567 3920 707 3981 tam
772 3916 845 3981 hi
905 3936 1103 4000 quam
1164 3914 1265 3979 illi
1324 3913 1827 4001 postulaverint,
1887 3917 1958 3979 et
2017 3915 2342 4000 quomodo
2401 3935 2443 3981 a
2487 3916 2670 3981 curia
2692 3944 2928 4009 England
2951 3950 3006 3995 to

568 4019 967 4095 recesserint,
1015 4017 1139 4082 sub
1201 4038 1279 4083 ea
1339 4036 1473 4101 qua.
1532 4021 1762 4102 potero
1823 4016 2154 4083 brevitate
2206 4018 2664 4104 perstringam.
2692 4010 2780 4059 ²¹¹0
2801 4012 2957 4075 papa}

2695 4084 2855 4127 court.

632 4264 648 4297 ¹
683 4264 861 4325 nostri,
881 4262 942 4313 L.
1738 4262 1761 4294 ⁹
1786 4262 2020 4313 Nuntius
2055 4300 2067 4313 .
2105 4301 2118 4314 .
2157 4301 2169 4313 .
2204 4262 2589 4329 archidiacono,
2611 4266 2670 4325 Z,

631 4342 654 4375 ²
684 4349 923 4404 nomn,
945 4341 1019 4401 03
1053 4348 1285 4405 vestrum,
1308 4342 1371 4391 L.
1668 4342 1747 4403 1⁴3
1782 4341 2088 4408 Exemplum
2118 4342 2396 4393 litterarum
2429 4360 2550 4407 quos
2573 4343 2672 4393 121·-

630 4420 653 4454 ³
678 4418 1068 4487 preparabant,
1090 4419 1150 4470 C.
1668 4419 2129 4471 cardona-cavam·
2145 4420 2512 4472 archidiacono
2526 4423 2670 4473 mise-

631 4500 653 4532 ⁴
686 4500 778 4549 De
800 4500 992 4549 nuntiis
1017 4536 1029 4549 .
1056 4536 1069 4549 .
1094 4536 1107 4549 .
1133 4498 1251 4563 flet,
1274 4496 1349 4559 (ἔς
1386 4514 1486 4549 om.
1504 4498 1564 4550 L.
1666 4507 1785 4548 runt
1806 4499 1960 4549 mci
1979 4500 2080 4559 sui,
2102 4499 2428 4565 explorantes
2441 4500 2494 4549 in
2525 4502 2673 4551 curia

631 4578 653 4611 ⁸
686 4585 823 4643 post,
846 4577 889 4629 0
910 4598 926 4637 ς
963 4593 1063 4627 om.
1086 4577 1149 4627 L.
1666 4594 1889 4641 quoenam
1920 4579 2118 4643 sutura
2140 4585 2271 4629 esset
2294 4576 2512 4629 conditio
2536 4580 2672 4644 reyie

633 4655 655 4687 ⁶
687 4666 807 4705 ante
828 4670 1011 4716 ramos,
1034 4671 1135 4705 om.
1160 4655 1221 4707 C.
1666 4662 1715 4705 et
1778 4672 1978 4706 sum-um
2039 4663 2158 4722 post
2237 4663 2434 4707 mortem
2507 4658 2674 4707 nancti

633 4734 655 4771 '¹’
688 4734 781 4785 inte
804 4734 882 4784 for
904 4740 952 4783 et
976 4731 1131 4796 lator,
1153 4735 1210 4786 C.
1676 4734 1886 4796 Thomoe,
1909 4736 1972 4787 Ο.

631 4812 655 4844 ⁸
700 4810 897 4872 Valete,
921 4812 995 4871 C;
1031 4828 1131 4863 om.
1154 4811 1215 4863 L.
1619 4856 1625 4867 .
1734 4812 1775 4847 ¹⁰
1792 4814 2030 4879 suerunt,
2057 4814 2126 4865 V.
