3634 5800
876 837 1003 899 186
1362 921 1367 929 .
1720 877 1725 882 ·
1750 853 2106 902 nmsronAE.
2587 837 2746 924 [mn.
2785 841 2974 907 1169.

871 1041 1159 1125 gratiam
1220 1041 1517 1108 indultas
1584 1041 1900 1122 obtinui;
1989 1063 2155 1130 quas
2215 1042 2485 1129 quidem
2557 1043 2769 1120 credo,
2834 1065 2973 1110 cre·

872 1141 1046 1207 detis
1069 1143 1093 1182 ¹
1154 1147 1377 1210 autem
1440 1150 1511 1210 et
1573 1165 1707 1224 vos,
1752 1145 1826 1209 ni
1895 1144 2110 1224 fallor,
2179 1145 2468 1212 efficaces
2535 1147 2624 1210 ad
2686 1167 2842 1222 rem,
2903 1150 2974 1211 et

872 1245 1138 1330 negotio
1183 1246 1384 1312 utiles
1427 1245 1767 1312 affuturas.
1821 1241 1828 1252 ’
1863 1246 2066 1334 Agite
2126 1247 2355 1333 itaque
2414 1247 2838 1324 confidenter,
2885 1252 2972 1323 et,

871 1349 1047 1433 quod
1093 1349 1179 1413 ad
1224 1371 1346 1415 vos
1390 1349 1699 1436 pertinet,
1748 1370 2012 1416 causam
2060 1355 2351 1415 vestram
2373 1348 2397 1388 ²
2441 1349 2731 1417 Domino
2797 1371 2972 1416 com·

870 1451 1178 1516 mendate
1243 1451 1359 1538 qui
1422 1473 1560 1518 non
1624 1451 1872 1517 deserit
1938 1455 2280 1539 sperantes
2327 1453 2399 1516 in
2463 1474 2551 1530 se,
2597 1473 2715 1542 per
2773 1472 2971 1537 quem

870 1552 1303 1639 diligentibus
1350 1575 1501 1619 eum
1566 1553 1792 1620 omnia
1853 1559 2291 1640 cooperantur
2333 1555 2406 1619 in
2473 1555 2736 1620 bonum.
2833 1553 2972 1640 Ego

870 1661 1096 1721 autem
1142 1655 1319 1742 quod
1367 1657 1565 1722 amici
1611 1663 1680 1722 et
1741 1657 1954 1724 fidelis
1999 1663 2119 1736 est,
2163 1677 2315 1725 cum
2361 1679 2464 1724 res
2511 1655 2971 1745 postulaverit,

870 1759 1141 1845 exsequi
1187 1779 1324 1824 non
1370 1759 1651 1825 cessabo.
1745 1759 1848 1825 De
1891 1765 2146 1840 caetere,
2194 1760 2374 1846 quod
2417 1760 2490 1824 in
2535 1759 2782 1826 litteris
2825 1779 2973 1824 ves-

870 1862 993 1926 tris
1068 1861 1337 1927 miseria
1410 1862 1755 1928 consuevit
1830 1863 2066 1928 exsilio
2134 1862 2446 1949 copulari,
2512 1863 2970 1929 discretionem

870 1970 1158 2030 vestram
1228 1967 1335 2050 (ut
1378 1966 1693 2031 audacter
1760 1965 1948 2032 salva
1991 1967 2366 2034 reverentia
2423 1965 2686 2052 loquar)
2752 1985 2970 2030 emen-

872 2067 1027 2133 dare
1092 2065 1457 2148 voluerim3
1530 2089 1679 2134 cum
1766 2069 1971 2152 (sicut
2032 2068 2344 2154 arbitror)
2411 2069 2682 2134 miseros
2750 2069 2972 2134 vocari

870 2191 1004 2235 non
1066 2169 1311 2247 deceat,
1357 2170 1473 2255 qui
1504 2190 1546 2236 a
1590 2167 1880 2236 Domino
1924 2171 2104 2236 beati
2151 2171 2482 2248 dicuntur,
2539 2170 2744 2256 juxta
2803 2169 2972 2234 illud

842 2264 1165 2358 'Evangel
1174 2272 1221 2336 ii
1250 2297 1263 2336 ε
1308 2280 1344 2306 “
1366 2271 1560 2338 Beati
1591 2273 1705 2359 qui
1737 2273 2260 2359 persecutionem
2306 2273 2660 2359 patiuntur
2703 2277 2974 2358 propter

872 2383 904 2407 “
943 2371 1341 2459 justitiam.”
1429 2373 1565 2439 Det
1608 2375 1799 2440 vobis
1863 2373 2192 2441 Dominus
2238 2395 2464 2462 pacem
2533 2373 2603 2438 in
2651 2374 2968 2460 proxim0‚

872 2482 939 2542 et
984 2476 1057 2540 in
1100 2475 1333 2542 futuro
1376 2477 1780 2544 consortium
1827 2482 1899 2543 et
1939 2477 2216 2566 gloriam
2264 2477 2625 2543 beatorum.

1769 2887 2078 2957 DCXVI.

990 3045 1283 3113 Tuoms
1329 3046 1898 3113 Omruuumtsm
1941 3058 2532 3109 mosmmscorus
2575 3058 2852 3111 omnm

1846 3161 2080 3211 mco.

1227 3302 1319 3365 (Ο.
1348 3304 1473 3364 184;
1514 3298 1570 3351 Ζ.
1594 3298 1665 3351 ἱίἱ.
1692 3303 1785 3351 118
1809 3322 1824 3362 3
1859 3300 1995 3364 Lup.
2019 3298 2088 3351 iii.
2115 3302 2210 3351 118
2236 3317 2250 3360 ς
2285 3299 2468 3351 Thom.
2496 3300 2636 3361 176.)

957 3432 1242 3499 Thomas
1288 3431 1417 3497 Dei
1462 3431 1682 3519 gratia
1726 3426 2228 3496 Oantuariensis
2296 3426 2827 3515 archiepiscopus
2871 3428 2973 3494 di·

871 3534 1040 3602 lecto
1086 3534 1225 3599 filio
1270 3554 1391 3599 suo
1434 3532 1718 3599 salutem
1766 3535 1837 3596 et
1881 3528 2154 3597 sincerae
2198 3529 2574 3597 dilectionis
2598 3524 2948 3598 affectum.

536 3649 741 3716 Asking
766 3652 847 3703 for
962 3636 1212 3703 Noscat
1256 3635 1524 3703 dilectio
1570 3641 1690 3701 tua
1733 3654 1872 3711 nos,
1903 3630 2156 3699 Divina
2197 3632 2469 3701 favente
2511 3633 2748 3720 gratia,
2779 3654 2973 3701 sanos

535 3718 780 3835 Jffiffga-
872 3743 941 3805 et
984 3738 1360 3819 incolumes,
1394 3743 1464 3803 et
1508 3738 1733 3803 omnia
1775 3736 1916 3801 fore
1959 3756 2287 3823 prospera.
2377 3734 2478 3801 De
2521 3741 2660 3803 tuae
2705 3736 2971 3823 quidem

536 3848 661 3899 tion.
872 3840 1244 3907 dilectionis
1308 3840 1690 3907 sinceritate
1734 3834 2092 3904 admodum
2157 3834 2526 3923 plenariam
2569 3858 2754 3924 spem
2799 3837 2974 3903 obti-

871 3948 1105 4009 nentes
1149 3948 1351 4029 atque
1414 3942 1745 4019 fiduciam,
1789 3939 1921 4006 tibi
1982 3939 2400 4019 mandamus,
2457 3944 2810 4026 quatenus,
2851 3960 2974 4027 per
3055 3928 3065 3935 ’

872 4044 1149 4111 latorem
1213 4044 1644 4132 praesentium
1698 4044 1809 4110 vel
1877 4066 1996 4129 per
2057 4044 2284 4122 alium,
2347 4064 2498 4129 quae
2563 4043 2764 4110 matri
2835 4046 2972 4109 tuae

870 4156 1117 4215 sanctoe
1180 4147 1655 4217 cantuariensi
1716 4147 2004 4215 ecclesiae
2069 4154 2138 4214 et
2197 4147 2410 4227 nobis,
2455 4145 2804 4215 sollicitius
2871 4146 2975 4211 in-

870 4251 1155 4337 quimus,
1218 4253 1485 4319 noveris
1552 4252 1884 4343 expedire,
1948 4252 2197 4338 absque
2267 4249 2588 4317 dilatione
2647 4250 2975 4317 maturius

871 4376 1175 4440 procures
1222 4354 1612 4443 significare.

938 4560 953 4595 ¹
995 4563 1221 4626 creditis,
1248 4564 1305 4615 Ζ.
1937 4561 1950 4629 Ι
2044 4560 2067 4593 ⁹
2097 4566 2336 4623 nostrum,
2368 4555 2428 4613 B.
