3634 5800
858 860 991 923 410
1682 826 1687 830 ⁵
1764 877 2126 929 nms'rom.
2579 864 2742 947 [an.
2775 860 2968 929 1170.

857 1060 1107 1125 randus
1166 1062 1253 1125 ab
1306 1060 1711 1148 obligatione
1774 1064 2194 1142 creditorum,
2239 1070 2310 1129 et
2371 1086 2522 1129 cum
2587 1066 2835 1130 honore
2897 1063 2972 1127 in

860 1164 1146 1248 patriam
1192 1165 1650 1229 remittendus,
1744 1164 1877 1230 Sed
1923 1166 2168 1231 fefellit
2219 1189 2369 1233 eum
2417 1167 2663 1254 opini0,
2707 1168 2754 1232 J
2757 1187 2971 1231 oanne

860 1266 943 1329 de
1002 1264 1451 1331 oxenefordia
1502 1266 1822 1331 afferente
1888 1268 2116 1333 literas
2181 1269 2434 1333 domini
2493 1269 2686 1356 regie,
2733 1268 2975 1353 quibus

518 1376 611 1437 Ep.
640 1376 753 1423 722.
856 1367 1133 1451 rogabat
1178 1372 1247 1431 et
1291 1368 1617 1445 monebat,
1660 1373 1739 1433 ut
1784 1368 1927 1434 sine
1973 1390 2160 1435 mora
2205 1370 2456 1435 rediret
2497 1372 2584 1435 ad
2629 1370 2968 1436 ecclesiam

858 1490 1063 1545 suam,
1110 1472 1179 1533 et
1222 1469 1546 1535 antedicti
1590 1469 1637 1533 J
1639 1471 1874 1535 oannis
1919 1472 2254 1537 conductu
2313 1477 2384 1536 et
2429 1472 2667 1537 solatio
2719 1472 2794 1535 in
2853 1470 2964 1535 iti-

856 1592 1014 1635 nere
1049 1571 1397 1636 frueretur.
1490 1572 1726 1637 Paruit
1772 1572 2323 1659 archiepiscopuS,
2355 1580 2442 1651 et,
2490 1574 2564 1638 in
2608 1573 2964 1651 redeunde,

857 1672 1244 1739 aemulorum
1288 1695 1406 1758 per
1435 1674 1679 1740 amicos
1724 1675 2262 1741 machinamenta
2305 1676 2635 1761 cognovit,
2667 1676 2783 1761 qui
2818 1674 2964 1759 jam

857 1777 943 1841 ad
973 1798 1151 1841 mare
1174 1776 1451 1863 profecti
1475 1781 1755 1841 ventum
1784 1779 2204 1843 commodum
2233 1778 2726 1864 exspectabant,
2749 1776 2962 1843 archi-

858 1878 1157 1964 episcopo
1202 1882 1427 1942 nostro
1474 1878 1546 1941 in
1590 1878 1817 1944 littore
1863 1879 2167 1964 opposito
2212 1880 2522 1945 similiter
2551 1884 2962 1965 expectante.

521 1968 635 2047 'ljhe
657 1970 803 2020 areh-
858 1980 995 2045 Ubi
1043 2000 1193 2044 cum
1239 1979 1322 2043 (16
1352 1980 1643 2044 transitu
1689 2000 1916 2045 eorum
1963 1986 2032 2045 et
2075 1980 2682 2046 machinationibus
2729 1978 2965 2045 certior

521 2037 778 2153 2332}oe
856 2081 1064 2157 fieret,
1127 2086 1401 2145 conatus
1464 2102 1692 2145 eorum
1756 2082 1870 2145 via
1935 2104 2067 2167 qua
2135 2082 2360 2167 potuit
2427 2082 2620 2160 elisit,
2687 2082 2964 2146 mittens

521 2170 697 2219 letters
718 2169 781 2219 ⁰¹⁹
856 2180 1345 2266 archiepiscopo
1428 2180 1826 2247 Eboracensi
1901 2182 2163 2249 litteras
2235 2182 2642 2269 apostolicas,
2719 2183 2961 2268 quibus

522 2250 815 2359 Ϊιῗοοὲιᾞη
858 2284 997 2370 ipse
1043 2288 1113 2348 et
1158 2283 1625 2349 Dunelmensis
1672 2285 2030 2371 episcopus,
2061 2291 2332 2372 propter
2367 2292 2750 2372 usurpatam
2799 2285 2962 2350 novi

521 2368 815 2483 {aiz-before
868 2387 1041 2473 regis
1086 2386 1590 2463 coronationem,
1643 2388 1729 2451 ab
1774 2388 2130 2474 episcopali
2193 2387 2404 2453 officio
2447 2388 2958 2474 suspenduntur.

864 2492 1053 2557 Alias
1098 2510 1357 2575 quoque
1409 2490 1710 2575 porrexit
1752 2490 2032 2555 nuntius
2093 2490 2538 2557 Londoniensi
2603 2496 2674 2555 et
2737 2489 2960 2555 Sares-

860 2594 1149 2661 beriensi
1213 2593 1554 2680 episcopie,
1607 2592 1849 2678 quibus
1915 2593 1987 2657 in
2013 2621 2020 2629 ·
2049 2593 2452 2659 sententiam
2515 2592 2960 2661 anathematis

858 2699 1279 2773 revocantur,
1326 2699 1397 2758 et
1440 2693 1938 2778 suspenduntur
1981 2714 2208 2759 omnes
2267 2694 2554 2780 episcopi
2616 2694 2732 2780 qui
2791 2714 2960 2779 prae-

520 2794 603 2842 He
625 2809 818 2845 01'08808
864 2796 1025 2863 fatae
1088 2796 1496 2863 coronationi
1558 2795 2022 2861 interfuerunt.
2145 2796 2292 2875 Quo
2355 2796 2547 2874 fact0,
2593 2797 2962 2883 prosperior

518 2860 609 2910 the
630 2876 729 2911 ⁵³⁶⁸
862 2921 1027 2966 aura
1072 2901 1329 2986 spirans
1388 2921 1429 2964 a
1492 2896 1810 2964 Flandria
1873 2896 2212 2964 dominum
2259 2897 2822 2986 archiepiscopum
2883 2898 2959 2963 in

858 3002 1171 3088 Angliam
1247 3001 1425 3068 felici
1522 3000 1951 3086 navigatione
2040 3002 2372 3088 perduxit,
2450 3003 2960 3088 venientemque

854 3104 941 3169 ad
986 3109 1251 3190 portum
1314 3103 1419 3169 cui
1484 3101 1875 3168 Sandwicus
1941 3123 2182 3181 nomen
2247 3109 2348 3168 est
2409 3104 2576 3190 regii
2639 3104 2958 3169 satellites

852 3209 1275 3290 exceperunt,
1322 3203 1637 3268 custodiis
1684 3224 1801 3288 per
1867 3203 2097 3268 littora
2142 3204 2495 3289 dispositis,
2540 3210 2622 3268 ut
2665 3205 2959 3270 creditur

853 3308 941 3372 ad
1000 3307 1387 3382 nocendum,
1442 3310 1510 3370 et
1554 3304 1828 3370 armatis
1888 3306 2497 3391 perstrepentibus3
2563 3327 2726 3392 quos
2769 3311 2959 3372 ante·

855 3411 1031 3476 fatus
1100 3409 1148 3474 J
1149 3431 1391 3474 oannes
1457 3409 1537 3472 de
1556 3407 1581 3445 1
1628 3407 2075 3474 oxenefordia
2141 3408 2440 3474 cohibuit
2501 3415 2572 3476 et
2637 3409 2958 3496 compulit

518 3517 815 3595 Difficultjes
852 3535 1037 3578 arma
1080 3513 1421 3599 deponere,
1466 3532 1600 3575 non
1644 3515 1803 3587 tam,
1835 3515 1914 3574 ut
1956 3516 2252 3596 putatur,
2298 3511 2522 3578 favore
2567 3517 2957 3587 nostrorum,

516 3600 585 3699 ἓξ]
594 3587 815 3700 ἑζξέἷῃὲ
854 3636 1051 3697 quam
1106 3635 1191 3678 ne
1237 3613 1580 3678 temeritas
1644 3633 1872 3676 eorum
1937 3613 2276 3676 dominum
2341 3635 2559 3700 regem
2605 3621 2676 3680 et
2718 3613 2958 3678 liberos

516 3717 661 3767 wich.
852 3737 1005 3780 suos
1065 3721 1228 3781 nota
1288 3712 1683 3800 proditionis
1747 3713 2055 3778 inureret.
2182 3713 2566 3800 Exegerunt
2609 3719 2834 3780 tamen
2877 3721 2960 3779 ut

514 3783 640 3834 Dec.
669 3788 713 3832 ι’
852 3818 1259 3905 alienigenae,
1304 3817 1421 3901 qui
1476 3837 1627 3881 cum
1672 3814 2159 3902 archiepiscopo
2205 3823 2543 3895 venerant,
2589 3839 2958 3884 sacramen-

851 3926 997 3985 tum
1062 3922 1456 4006 praestarent
1518 3917 1599 3982 de
1664 3917 1994 3982 servanda
2055 3917 2376 3985 fidelitate
2439 3921 2580 4007 regi
2625 3926 2696 3986 et
2737 3941 2955 4006 regne.

850 4023 991 4088 Nec
1038 4020 1405 4108 apparebat
1468 4019 1820 4105 quisquam
1881 4019 2254 4106 alienigena
2313 4028 2554 4108 praeter
2600 4022 2957 4109 Symonem

850 4123 1294 4188 Senonensem
1360 4120 1917 4197 archidiaconum,
1961 4121 2076 4205 qui
2121 4122 2208 4186 ad
2267 4124 2717 4206 praestandum
2771 4125 2960 4210 jura-

849 4230 1151 4290 mentum
1205 4224 1397 4290 facile
1442 4223 1682 4287 fuisset
1740 4221 2056 4286 inductus
2119 4223 2178 4286 si
2223 4223 2750 4312 archiepiscopus
2809 4247 2959 4311 per-

848 4326 1177 4406 misisset3
1268 4325 1400 4410 qui,
1477 4323 1765 4410 exempli
1842 4323 2194 4410 perniciem
2271 4327 2543 4405 veritus,
2615 4328 2959 4413 respondit

752 4461 757 4465 v
847 4428 1039 4493 bonis
1084 4428 1379 4493 moribus
1440 4427 1564 4493 hoc
1626 4446 1895 4512 prorsus
1957 4445 2095 4490 esse
2156 4429 2575 4508 contrarium,
2622 4436 2719 4507 ut,
2765 4431 2954 4495 inau-

848 4530 993 4595 dita
1018 4527 1043 4567 ²
1088 4528 1410 4606 barbarie,
1443 4527 2000 4614 compellerentur
2043 4527 2337 4615 hospites
2383 4535 2454 4596 et
2497 4533 2827 4618 peregrini
2871 4533 2956 4597 ad

918 4760 934 4792 ¹
968 4760 1048 4823 dc,
1069 4775 1169 4809 om.
1194 4758 1264 4811 G.
1879 4759 1890 4826 Ι
2008 4759 2029 4792 ‘²
2065 4760 2322 4822 mndata,
2347 4763 2418 4814 V.
