3634 5800
504 1613 569 1663 In
590 1612 769 1663 behalf

506 1680 566 1729 of
577 1679 661 1728 the
672 1679 816 1730 arch-

504 1745 706 1810 bichop.

842 826 968 890 184
1722 841 2076 890 EPISTOLAE.
2561 824 2716 907 [ΑΒ.
2754 828 2947 892 1169·

1736 1150 2043 1218 DCXIV.

866 1307 1166 1370 ALEXAN
1177 1322 1318 1370 DRO
1367 1320 1561 1370 PAPAE
1610 1306 2030 1371 STEPHANUS
2078 1306 2477 1371 MELDENSIS
2525 1321 2910 1371 EPISCOPUS.

1043 1460 1136 1520 (A.
1161 1462 1293 1519 3193
1330 1461 1394 1510 Ο.
1417 1456 1488 1508 iii.
1515 1463 1613 1517 293
1651 1457 1703 1507 Z.
1728 1457 1800 1508 iii.
1825 1462 1924 1518 98;
1959 1459 2090 1521 Lup.
2114 1455 2186 1508 iii.
2210 1462 2274 1507 98
2297 1477 2311 1516 ;
2349 1459 2412 1509 G.
2437 1456 2548 1507 Fol.
2575 1460 2720 1518 451.)

931 1587 1117 1654 Licet
1159 1609 1294 1654 non
1340 1589 1429 1653 sit
1474 1588 1835 1674 discipulus
1879 1609 2075 1674 super
2121 1587 2525 1675 magistrum,
2562 1585 2945 1672 judiciaque

841 1695 1181 1775 pastorum
1228 1690 1465 1755 ovibus
1513 1689 1894 1755 veneranda
1940 1690 2077 1754 sint
2140 1711 2274 1755 non
2320 1687 2761 1764 retractanda,
2807 1708 2943 1751 non

843 1797 1067 1857 tamen
1114 1791 1243 1858 erit
1288 1793 1738 1878 incongruum,
1770 1793 1826 1856 si
1875 1793 2047 1877 patri
2094 1793 2271 1858 filius
2315 1794 2390 1856 in
2434 1814 2633 1857 causa
2678 1790 2945 1877 pietatis

843 1895 1188 1982 supplicet,
1233 1901 1302 1960 et
1348 1895 1593 1959 bonum
1640 1894 1982 1958 dominum
2034 1916 2151 1979 pro
2213 1893 2387 1959 bono
2451 1893 2629 1980 pacis
2674 1891 2945 1957 humilis

844 2020 1073 2063 servus
1119 1998 1448 2063 instanter
1480 1998 1880 2083 interpellet.
1962 1998 2176 2063 Novit
2205 2019 2339 2062 non
2368 1998 2578 2063 solum
2625 1997 2941 2072 Romana,

843 2101 960 2167 sed
1005 2108 1073 2166 et
1117 2103 1334 2168 omnis
1378 2101 1704 2167 catholica
1749 2101 2039 2178 ecclesia,
2086 2123 2284 2186 quam
2346 2100 2594 2187 injuste
2641 2099 2945 2165 dominus

844 2202 1340 2270 Oantuariensis
1406 2204 1683 2281 exsulet,
1729 2225 1927 2289 quam
1992 2203 2218 2289 inique
2265 2203 2555 2291 vapulet,
2603 2203 2684 2268 de
2745 2223 2942 2288 quam

841 2305 1013 2371 bono
1080 2328 1271 2392 opere
1339 2305 1714 2392 lapidetur;
1776 2313 1845 2370 et
1914 2307 2107 2392 quod,
2172 2307 2330 2371 dum
2396 2305 2681 2372 ecclesiae
2754 2327 2945 2369 verus

840 2406 1087 2472 nititur
1146 2429 1284 2473 esse
1329 2408 1527 2483 filius,
1575 2408 1878 2473 hostibus
1949 2408 2237 2474 ecclesiae
2310 2408 2525 2474 factus
2573 2414 2675 2473 est
2736 2407 2946 2472 hostis

840 2507 1162 2595 publicuS‚
1210 2516 1278 2575 et
1347 2531 1424 2575 ea
1487 2533 1687 2578 causa
1754 2512 1828 2576 in
1896 2510 2208 2576 exsilium
2274 2517 2376 2576 est
2437 2511 2769 2597 depulsuS,
2815 2531 2948 2595 qua

839 2610 1064 2677 fuerat
1139 2611 1224 2676 ab
1301 2613 1535 2679 exsilio
1612 2614 1999 2701 dignissime
2078 2615 2502 2680 revocandus,
2627 2612 2945 2677 Nondum

842 2719 1069 2780 tamen
1152 2713 1472 2799 iniquitas
1538 2716 1868 2802 oppilavit
1936 2739 2007 2780 os
2077 2739 2292 2793 suum,
2339 2737 2460 2782 nec
2529 2715 2945 2781 obstructum

839 2824 940 2882 est
985 2839 1055 2882 os
1119 2817 1533 2905 loquentium
1600 2818 1847 2905 iniqua,
1894 2819 2009 2884 sed
2077 2819 2264 2906 quasi
2335 2817 2650 2905 quosdam
2698 2818 2945 2883 cineres

839 2925 1131 2986 mortuos
1179 2921 1613 3006 persequitur,
1661 2927 1730 2986 et
1774 2922 1848 2985 in
1894 2923 2108 3008 capite
2147 2922 2388 3008 judicii
2434 2922 2677 2987 nititur
2721 2941 2946 2985 eruere

840 3023 1060 3088 oculos
1125 3023 1448 3100 veritatis,
1521 3044 1667 3109 quae
1735 3024 1879 3108 jam
1946 3023 2017 3087 in
2063 3023 2459 3109 quibusdam
2524 3022 2898 3108 obliquavit
2924 3020 2947 3058 ¹

839 3124 1037 3211 pedes
1107 3124 1547 3190 rectitudinis.
1642 3123 1868 3188 Filiali
1935 3125 2140 3210 igItur
2206 3124 2557 3189 devotione
2607 3129 2675 3189 et
2737 3124 2946 3188 omni-

840 3226 1054 3291 modis
1101 3226 1348 3292 obnixa
1391 3227 1873 3313 supplicatione
1919 3226 2350 3313 postulamus,
2399 3233 2478 3292 ut
2523 3248 2678 3313 erga
2740 3226 2947 3291 domi-

839 3350 1000 3393 num
1048 3329 1593 3395 Cantuariensem
1640 3329 2038 3394 indefessam
2086 3335 2155 3394 et
2223 3329 2502 3395 solidam
2549 3330 2946 3415 solitamque

838 3432 1084 3519 geratis
1134 3432 1798 3517 circumspectionem.
1880 3431 1968 3496 Et
2001 3430 2160 3497 dum
2191 3431 2564 3518 Anglorum
2599 3433 2788 3496 vobis
2835 3454 2944 3517 pe-

840 3534 1127 3600 cuniosae
1173 3533 1578 3598 insidiantur
1621 3534 1951 3610 versutiae,
1998 3534 2255 3619 papalis
2315 3533 2487 3599 nihil
2534 3535 2948 3600 diminuatur

841 3634 1270 3712 constantiae3
1336 3636 1451 3700 sed
1515 3636 1857 3701 immotam
1914 3642 1982 3701 et
2035 3636 2571 3701 ineradicabilem
2625 3636 2947 3701 servando

840 3740 1417 3825 perseverantiam,
1452 3733 1533 3803 et*
1569 3739 1823 3803 domini
1870 3740 2059 3825 regiS,
2095 3744 2162 3804 et
2193 3740 2402 3804 totius
2459 3738 2743 3805 ecclesiae
2792 3737 2943 3802 Gal-

842 3843 985 3907 licae
1012 3841 1036 3881 2
1080 3842 1285 3921 vobiS,
1334 3847 1402 3907 et
1447 3843 1847 3907 conservetis
1916 3841 2465 3919 benevolentiam,
2515 3848 2583 3908 et
2649 3840 2949 3928 augeatis

842 3944 1220 4012 amicitiam.

1313 4178 1328 4211 ¹
1366 4177 1629 4243 οόἱίραυίε,
1653 4177 1769 4227 with
1795 4178 2092 4238 correction,
2115 4179 2169 4227 Z.

1313 4260 1333 4289 ²
1375 4256 1594 4318 Gallice,
1630 4259 1695 4315 A,
1727 4257 1789 4316 Ο,
1813 4258 1897 4317 V;
1940 4256 2246 4317 Gallicanae,
2274 4256 2334 4307 L.
