3634 5800
604 1707 667 1755 In
690 1706 868 1772 favour

605 1774 665 1822 of
681 1775 767 1823 the

606 1840 749 1888 arch-

604 1905 808 1969 bishop,

604 1974 705 2020 and
716 1972 914 2038 against

944 872 1028 936 44
1821 887 2177 939 EPISTOLAE.
2663 872 2821 959 [Α.1).
2859 877 3054 944 1169.

1674 1301 1679 1311 ·
1804 1263 2186 1330 DXLVIII.

1003 1401 1444 1468 Atmrmno
1491 1416 1684 1467 PAPAE
1710 1399 2120 1469 ‘Mffrnzus
2165 1399 2551 1468 Tnnomms
2597 1417 2988 1468 EPISCOPUS.

1143 1555 1239 1617 (A.
1266 1560 1395 1616 2043
1433 1555 1498 1608 o.
1521 1569 1575 1603 n
1598 1557 1730 1612 210;
1764 1553 1823 1604 z.
1847 1551 1919 1604 iii.
1943 1559 2042 1614 893
2077 1555 2207 1620 Lup.
2232 1552 2305 1603 iii.
2330 1558 2429 1616 893
2471 1554 2538 1606 G.
2563 1553 2675 1604 1²01.
2699 1555 2848 1616 4¹7³.)

1024 1698 1227 1784 Apud
1257 1699 1599 1764 dominum
1638 1717 1860 1762 meum
1890 1695 2262 1763 fiducialius
2303 1715 2445 1783 ag0,
2475 1697 2768 1762 recolens
2801 1702 3056 1782 quanta

936 1799 1319 1886 dignatione
1358 1805 1550 1866 tanta
1579 1800 1889 1886 majestas
1935 1819 2150 1865 meam
2193 1819 2452 1885 semper
2480 1798 2810 1876 dilexerit,
2846 1798 3050 1865 hono-

936 1902 1204 1980 raverit,
1251 1909 1320 1968 et
1384 1903 1705 1968 extulerit
1768 1902 2189 1989 parvitatem.
2323 1900 2416 1966 Et
2477 1901 2747 1987 quidem
2810 1901 3052 1988 gradui

605 2038 691 2086 the
707 2039 894 2103 bishop
939 2025 1133 2088 quem
1201 2003 1528 2070 habebam
1600 2005 1886 2069 multum
1952 2001 2228 2070 accessit
2294 2002 2582 2080 honoris,
2651 2003 2768 2068 sed
2836 2003 3051 2068 multo

602 2102 664 2154 of
668 2105 910 2157 Leucon.
939 2105 1087 2190 plus
1143 2105 1401 2184 oneris,1
1466 2111 1545 2171 ut
1609 2129 1693 2172 ex
1755 2104 2148 2172 necessitate
2217 2104 2531 2170 deficiant
2594 2104 2856 2172 humeri
2919 2105 3050 2172 mei

938 2209 1069 2272 nisi
1129 2207 1456 2274 Dominus
1516 2209 1942 2296 supposuerit
1995 2227 2265 2274 manum
2327 2227 2536 2286 suam,
2581 2213 2652 2273 et
2695 2207 3052 2276 elementia

938 2315 1163 2376 vestra
1214 2309 1487 2397 adjiciat
1548 2311 1852 2398 gratiam.
1975 2309 2152 2376 Nam
2219 2308 2276 2374 si
2339 2309 2764 2395 providentia
2827 2317 3052 2378 vestra

938 2411 1250 2498 dignetur
1293 2413 1896 2499 circumspectionis
1950 2433 2087 2477 suae
2133 2411 2356 2477 oculos
2401 2412 2474 2476 in
2520 2417 2746 2498 partes
2790 2415 3049 2477 nostras

937 2513 1233 2601 dirigere,
1279 2515 1510 2581 multis
1554 2515 1744 2581 bonis
1790 2533 2034 2601 magna
2081 2513 2338 2579 videbit
2397 2514 2625 2580 adesse
2687 2519 3046 2593 tormenta,

936 2620 1006 2680 et
1049 2617 1353 2702 pluribus
1396 2617 1704 2704 graviora
1748 2617 1996 2683 instare
2043 2615 2420 2684 certamina.
2515 2617 2681 2698 Quae
2711 2637 2864 2684 cum
2911 2617 3050 2703 epi-

934 2739 1168 2804 scopus
1213 2721 1531 2807 corrigere
1576 2739 1922 2805 nequeam,
1955 2723 2024 2784 et
2067 2739 2188 2806 pro
2217 2724 2522 2806 suscepto
2567 2717 2778 2786 officio
2809 2717 3048 2786 Divini

926 2820 1165 2906 judicii
1226 2826 1425 2898 metu,
1453 2843 1589 2888 non
1652 2823 1933 2887 audeam
1999 2816 2432 2899 dissimulare,
2477 2841 2584 2888 me
2631 2821 2932 2909 quisquis
2977 2822 3050 2886 in

932 2926 1114 2991 arcto
1176 2926 1615 2992 constitutum
1690 2924 1994 3012 ambigit,
2061 2922 2465 2991 conditionis
2539 2944 2706 2989 mese
2783 2944 3050 3011 prorsus

932 3028 1199 3113 ignarus
1246 3032 1367 3094 est.
1493 3026 1826 3094 Oaeterum
1873 3048 2023 3113 spes
2069 3048 2216 3093 mea
2259 3028 2334 3091 in
2383 3026 2528 3092 Deo
2573 3031 2645 3091 et
2689 3026 2882 3093 vobis
2927 3034 3046 3109 est,

930 3128 1016 3193 ad
1078 3150 1275 3215 quem
1330 3136 1467 3195 tam
1532 3150 1709 3194 meas
1771 3148 1971 3215 quam
2038 3128 2402 3194 amicorum
2471 3129 2831 3213 angustias,
2881 3150 3047 3215 prae-

855 3242 861 3247 ’
929 3230 1155 3296 sertim
1200 3254 1318 3319 pro
1363 3230 1765 3299 confessione
1812 3230 2116 3297 veritatis
2164 3236 2233 3295 et
2270 3230 2541 3317 justitia
2581 3228 3045 3308 laborantium,

930 3354 1159 3399 censeo
1204 3332 1593 3399 referendas,
1688 3333 1947 3398 Horum
1995 3354 2184 3411 unUS,
2233 3338 2303 3398 et
2347 3332 2601 3398 auxilio
2647 3338 2872 3399 vestro
2901 3334 3046 3421 dig-

929 3436 1259 3515 nissimus,
1324 3443 1426 3502 est
1486 3436 1793 3501 dominus
1861 3434 2376 3513 Cantuariensis,
2433 3436 2548 3521 qui
2613 3458 2736 3522 pro
2797 3437 3046 3503 honore

931 3538 1057 3604 Dei
1112 3538 1256 3625 jam
1302 3540 1730 3625 quinquenne
1790 3537 2068 3602 exilium
2133 3538 2314 3623 apud
2387 3557 2508 3603 nos
2579 3538 2652 3601 in
2719 3537 3046 3623 patientia

934 3638 1149 3705 multa
1192 3638 1597 3727 proscriptus
1648 3638 1924 3726 peragit.
2047 3638 2470 3704 Periclitatus
2515 3642 2619 3703 est
2636 3636 2662 3679 ²
2727 3639 3046 3706 hactenus

934 3742 1193 3808 saevitia
1252 3748 1689 3827 tyrannorum
1750 3746 1822 3807 et
1882 3740 2252 3807 delatorum
2315 3739 2619 3820 insidiis3
2689 3740 2804 3807 sed
2867 3762 3046 3809 nunc

933 3842 1203 3930 gravius
1264 3844 1677 3930 periclitatur
1729 3862 1771 3909 a
1823 3843 2004 3909 falsis
2063 3842 2400 3921 fratribus,
2449 3860 2730 3928 quorum
2791 3843 3045 3929 primus

937 3954 1037 4011 est
1054 3944 1082 3983 ⁸
1134 3947 1247 4012 ille
1293 3947 1792 4024 LondoniensiS,
1839 3946 1954 4031 qui
2009 3945 2136 4011 sub
2181 3944 2474 4030 episcopi
2538 3948 2827 4022 nomine,
2872 3945 3048 4013 sicut

937 4070 1019 4113 ex
1065 4049 1307 4115 litteris
1353 4047 1605 4113 domini
1652 4048 2050 4113 Senonensis
2093 4045 2356 4132 plenius
2401 4045 2788 4124 innotescet,
2833 4049 3040 4134 parri·

936 4152 1149 4217 eidam
1172 4150 1198 4189 ‘¹
1242 4151 1560 4238 exprimit
1618 4150 1956 4214 furiosum.
2073 4148 2338 4215 Placeat
2400 4148 2629 4234 itaque
2697 4150 3042 4215 sanctitati

935 4260 1193 4332 vestrae,
1264 4253 1453 4340 cujus
1524 4251 2051 4317 incolumitatem
2127 4249 2456 4336 propitius
2529 4249 2820 4317 ecclesiae
2903 4274 3042 4317 suae

933 4362 1323 4442 perpetuare
1400 4355 1713 4441 dignetur
1801 4352 2150 4429 DominuS,
2232 4357 2372 4417 tam
2447 4352 2797 4439 praefatum
2871 4354 3042 4440 epis-

934 4479 1169 4545 copum
1212 4478 1411 4544 quam
1448 4456 1632 4534 alios,
1675 4478 1838 4542 quos
1884 4455 2190 4519 dominus
2223 4453 2740 4534 Cantuariensis‚
2774 4456 3041 4543 exigen-

999 4738 1013 4770 ¹
1050 4738 1261 4799 honeris,
1285 4740 1351 4788 A.
2094 4735 2114 4767 ³
2151 4742 2243 4794 est,
2265 4750 2365 4785 om.
2389 4736 2449 4784 L.

994 4816 1016 4849 ²
1048 4826 1138 4879 est,
1160 4832 1257 4867 om.
1284 4815 1349 4866 L.
2096 4814 2116 4845 ⁴
2153 4812 2417 4877 quenda-m,
2441 4815 2494 4863 Z.
