3634 5800
839 847 973 911 408
1718 862 2078 911 musroms.
2559 847 2721 932 [Am.
2757 842 2949 921 1170,

840 1054 994 1114 rant
1040 1054 1121 1115 ut
1164 1049 1689 1136 archiepiscopus
1736 1054 1805 1115 et
1849 1049 1956 1113 sui
2001 1050 2089 1115 ab
2118 1050 2355 1115 exsilio
2385 1050 2736 1115 redeuntes
2777 1048 2948 1113 nihil

842 1172 1107 1235 prorsus
1152 1158 1273 1217 aut
1316 1152 1667 1217 minimum
1713 1151 2113 1231 invenirent,
2146 1156 2390 1239 praeter
2435 1152 2659 1218 domos
2704 1172 2948 1217 vacuas

845 1274 929 1317 ex
994 1274 1237 1339 magna
1301 1259 1491 1339 parte
1560 1258 1998 1339 consumptas,
2065 1259 2134 1318 et
2205 1253 2436 1318 horrea
2503 1252 2833 1328 demolita,
2879 1256 2950 1316 et

844 1375 1028 1418 areas
1088 1354 1322 1432 nudas,
1367 1358 1437 1420 et
1480 1353 1603 1420 hoc
1664 1354 1751 1418 ad
1812 1354 2328 1420 consolationem
2397 1354 2734 1419 diuturnae
2798 1372 2946 1439 pro-

846 1454 1223 1541 scriptionis
1268 1461 1339 1521 et
1382 1456 1913 1521 emendationem
1976 1455 2302 1542 sacrilegii
2357 1454 2734 1541 perpetrati.
2858 1454 2948 1517 Et

848 1577 997 1621 cum
1073 1579 1207 1644 pax
1230 1556 1255 1596 ¹
1314 1561 1543 1622 nostra
1615 1558 1806 1621 nobis
1885 1558 1956 1621 in
2016 1557 2188 1623 festo
2264 1557 2476 1622 beatae
2537 1555 2948 1643 Magdalenae

846 1658 1084 1724 fuisset
1128 1660 1499 1738 reformata,
1544 1664 1614 1724 et
1672 1660 2128 1725 serenissimus
2173 1659 2480 1724 dominus
2538 1664 2766 1723 noster
2825 1679 2948 1721 rex

510 1761 605 1824 Ep.
630 1763 746 1811 686·
848 1759 989 1825 filio
1034 1784 1171 1840 suo,
1217 1781 1391 1827 novo
1450 1762 1607 1847 regi,
1654 1760 1896 1826 litteris
1943 1759 2329 1845 patentibus
2391 1760 2822 1846 praecepisset,
2868 1764 2948 1823 ut

848 1861 1333 1948 archiepiscopo
1376 1868 1447 1928 et
1489 1861 1627 1926 suis
1674 1861 1900 1926 omnia
1941 1861 2452 1926 restituerentur
2495 1861 2566 1924 in
2614 1861 2946 1945 integrum

850 1969 1050 2047 prout
1078 1964 1299 2030 fuerat
1316 1964 1342 2003 2
1374 1963 1588 2028 tribus
1633 1963 1972 2027 mensibus
2017 1968 2374 2047 antequam
2405 1962 2720 2049 Angliam
2765 1982 2947 2046 egre-

849 2064 1180 2143 derentur,
1230 2086 1454 2129 omnes
1500 2068 1725 2129 tamen
1785 2064 2040 2129 reditus
2103 2065 2369 2129 nomine
2432 2065 2574 2149 ejus
2637 2062 2949 2149 praerepti

850 2171 1027 2245 sunt,
1076 2167 1192 2251 qui
1240 2188 1445 2251 usque
1491 2165 1578 2230 ad
1632 2164 1877 2230 Natale
1923 2164 2196 2229 Domini
2255 2164 2504 2251 percipi
2568 2168 2944 2249 potuerunt.

854 2266 1083 2332 Plures
1144 2268 1583 2354 possessiones
1627 2272 1698 2331 et
1742 2267 2049 2332 ecclesias
2095 2288 2276 2352 quas,
2324 2268 2468 2353 ipso
2519 2266 2670 2351 jure
2731 2272 2802 2330 et
2846 2286 2950 2329 ra·

852 2370 1034 2434 tione
1095 2370 1273 2456 pacti
1328 2368 1657 2447 conventi,
1705 2370 1972 2434 restitui
2037 2368 2382 2455 oportebat
2445 2369 2730 2435 ecclesiae
2777 2369 2946 2433 Can-

850 2472 1190 2549 tuariensi,
1254 2471 1489 2548 adhuc,
1551 2470 1833 2557 publicae
1879 2471 2230 2556 potestatis
2289 2471 2704 2546 auctoritate,
2763 2490 2945 2535 occu-

847 2578 1016 2659 pant
1060 2572 1351 2640 curiales.
1446 2573 1587 2659 Ego
1632 2574 1810 2637 inter
1854 2578 2122 2638 caeteros
2153 2594 2289 2639 una
2335 2572 2603 2639 ecclesia
2647 2574 2948 2658 privatus

850 2698 995 2740 sum
1040 2698 1189 2763 quae
1235 2676 1679 2761 quadraginta
1722 2696 1973 2741 marcas
2018 2696 2274 2741 annuas
2319 2668 2618 2742 sol'vebat
2661 2679 2946 2739 anteces-

512 2803 647 2854 Nov.
676 2809 753 2857 18.
849 2778 979 2842 sori
1039 2799 1199 2843 meo,
1318 2776 1619 2863 Contigit
1680 2782 1904 2843 autem
1975 2798 2077 2841 me
2137 2777 2360 2842 triduo
2405 2778 2733 2864 applicare
2793 2781 2948 2841 ante

850 2885 1115 2946 octavas
1174 2880 1354 2946 beati
1425 2879 1717 2959 Martini,
1764 2885 1834 2946 et
1901 2878 1974 2942 in
2035 2878 2197 2966 ipsis
2265 2880 2516 2946 octavis
2561 2884 2724 2944 erat
2776 2876 2950 2945 Can-

850 2983 1088 3048 tuariae
1150 2983 1441 3069 synodus
1503 2981 1910 3058 celebranda,
1962 2982 2034 3046 in
2081 3003 2213 3067 qua
2272 3003 2377 3046 me
2423 2981 2600 3047 vices
2661 2981 2949 3048 absentis

514 3097 615 3147 His
638 3113 813 3163 recep·
850 3083 1322 3170 archiepiscopi
1388 3105 1608 3168 gerere
1676 3082 2039 3168 oportebat.
2161 3082 2328 3149 Cum
2405 3085 2648 3168 itaque,
2708 3089 2951 3170 praeter

514 3166 732 3281 ᾎζζιέξ-
850 3204 1033 3270 spem
1080 3190 1149 3250 ct
1178 3189 1409 3250 contra
1438 3183 1678 3248 bonam
1724 3184 2100 3269 opinionem
2147 3189 2216 3249 et
2243 3185 2450 3250 bonas
2493 3184 2952 3271 promissiones

512 3298 656 3363 bury.
862 3285 1114 3350 domini
1160 3288 1349 3373 regis,
1396 3286 1491 3352 sic
1534 3285 1757 3351 omnia
1800 3287 2072 3353 turbata
2115 3287 2497 3372 reperissem
2543 3292 2623 3351 ut
2667 3287 2748 3352 de
2791 3309 2950 3374 pace

858 3399 1086 3458 nostra
1106 3391 1133 3432 ³
1209 3397 1279 3457 et
1342 3391 1423 3458 de
1490 3390 1713 3456 reditu
1787 3391 2257 3478 archiepiscopi
2334 3391 2788 3478 desperaretur
2865 3391 2951 3457 ab

857 3494 1180 3573 omnibuS,
1225 3499 1293 3559 et
1336 3515 1441 3558 me
1486 3498 1806 3577 tanquam
1868 3492 1942 3556 in
1985 3514 2236 3558 carcere
2296 3493 2586 3580 positum
2645 3494 2951 3581 agnovis-

859 3617 1014 3674 sem,
1046 3595 1243 3660 vultu
1286 3593 1484 3658 hilari
1530 3598 1600 3658 et
1645 3593 1869 3658 animo
1914 3595 2246 3660 constanti
2293 3591 2724 3661 Cantuariam
2767 3595 2952 3682 petii,

857 3695 973 3760 ubi
1034 3717 1075 3761 a
1122 3695 1292 3762 clero
1358 3699 1429 3759 et
1497 3692 1742 3779 populo
1806 3715 1957 3759 cum
2021 3716 2260 3781 magno
2319 3694 2582 3774 honore,
2629 3693 2697 3762 et
2761 3695 2952 3782 quasi

850 3797 1127 3884 angelus
1164 3794 1452 3870 Domini,
1484 3800 1784 3882 receptus
1814 3817 2002 3876 sum;
2043 3797 2350 3862 fidelibus
2371 3798 2512 3883 jam
2545 3821 2626 3864 ex
2658 3799 2951 3865 adventu

852 3921 999 3965 meo
1047 3898 1317 3964 meliora
1379 3896 1820 3983 sperantibus,
1869 3918 1945 3962 eo
1984 3898 2160 3984 quod
2204 3899 2299 3964 eis
2358 3922 2742 3986 persuasum
2786 3906 2950 3978 erat,

852 4003 1031 4088 quod
1105 4022 1210 4066 me
1292 3999 1475 4064 nullo
1538 3998 1732 4065 modo
1808 3999 2333 4087 archiepiscopus
2398 4003 2822 4088 praemisisset
2891 4003 2949 4066 si

855 4125 989 4169 non
1034 4106 1209 4169 esset
1252 4101 1325 4164 in
1368 4099 1554 4165 brevi
1616 4106 1976 4167 secuturus
2102 4100 2270 4168 Inde
2317 4102 2568 4188 synodo
2627 4101 2953 4168 celebrata

848 4205 935 4270 ad
983 4225 1232 4269 novum
1294 4223 1512 4289 regem
1569 4201 1902 4288 profectus
1922 4211 1949 4252 ⁴
1991 4225 2156 4284 sum,
2204 4209 2274 4270 et
2317 4203 2477 4270 satis
2521 4204 2806 4269 humane
2853 4227 2952 4270 re-

850 4309 1097 4392 ceptus,
1126 4305 1285 4371 licet
1328 4302 1629 4370 custodes
1652 4303 1677 4344 '⁵
1706 4305 1812 4369 sui
1841 4304 2095 4391 aliquid
2142 4306 2394 4373 timoris
2439 4303 2959 4393 praetenderint,⁶

914 4515 933 4548 ¹
964 4531 1089 4582 past,
1110 4532 1213 4567 om.
1235 4515 1317 4576 v,
1357 4520 1549 4574 nostra,
1571 4529 1675 4566 om.
1699 4513 1767 4565 L.
2016 4514 2038 4548 ⁸
2071 4515 2405 4575 concustodes,
2429 4515 2491 4576 L,
2516 4517 2597 4576 G;
2632 4523 2682 4566 et
2708 4517 2953 4580 custodes,

914 4595 936 4627 ²
954 4597 1160 4661 ficerat,
1184 4597 1249 4656 Ο,
1272 4596 1309 4644 Ζ
1328 4617 1342 4653 ς
1362 4595 1599 4659 fuerant,
1622 4593 1683 4642 L.
1953 4592 2029 4652 03
2063 4594 2290 4644 custodes
2309 4594 2407 4655 sui,
2429 4594 2488 4644 Z.

914 4675 935 4707 ³
976 4681 1160 4735 vestra,
1182 4674 1251 4722 V.
1924 4729 1932 4740 ·
2018 4671 2040 4704 ⁶
2068 4672 2435 4737 pretende-rint,
2507 4673 2549 4724 Z
2578 4695 2593 4735 ς
2671 4673 2952 4740 praetende-

910 4751 932 4783 ⁴
961 4758 1239 4816 provectus,
1264 4751 1329 4801 G.
1948 4758 2086 4812 runt,
2112 4751 2178 4802 G.
