3634 5800
667 900 797 951 Μ).
836 881 1057 965 1170.]
1562 893 1923 942 ΕΡιετοΜεῑ.
2649 880 2776 943 321

668 1091 885 1156 tribus
931 1096 1000 1155 et
1030 1086 1423 1175 coepiscopis
1470 1083 1758 1158 nostris,l
1789 1090 1860 1149 et
1907 1082 2284 1148 vacantium
2361 1083 2778 1148 ecclesiarum

672 1192 999 1279 capituliS,
1030 1188 1539 1262 communicetis,
1573 1192 1642 1250 et
1670 1185 1757 1250 ab
1802 1186 1897 1250 eis
1943 1185 2270 1270 inspectas
2317 1185 2506 1249 nobis
2553 1185 2776 1250 remit-

675 1300 811 1358 tere
841 1313 977 1356 non
1006 1289 1329 1377 differatis
1358 1313 1371 1366 ;
1421 1286 1726 1372 portitori
1758 1285 1962 1350 etiam
2007 1284 2244 1348 harum
2286 1283 2776 1371 prospicientes

674 1395 849 1459 sicut
894 1392 1083 1457 vobis
1146 1396 1215 1455 et
1276 1389 1492 1454 ordini
1554 1393 1776 1452 vestro
1836 1385 2078 1470 cupitis
2139 1406 2276 1450 esse
2340 1393 2780 1472 prospectum.

675 1495 841 1575 Quae
886 1494 1015 1558 nisi
1060 1491 1343 1557 fideliter
1387 1488 1929 1575 adimpleveritis,
1973 1488 2163 1553 vobis
2208 1493 2544 1573 perpetuae
2592 1487 2776 1554 dam-

676 1596 965 1660 nationis
1018 1593 1413 1658 sententiam
1458 1590 1777 1655 noveritis
1823 1587 2364 1674 irrefragabiliter
2411 1588 2772 1657 imminere.

765 1706 983 1761 Eodem
1028 1705 1201 1760 modo
1250 1699 1659 1759 sarisberiensi
1702 1700 1987 1772 episcopo·

1493 2015 1928 2082 DOLXXIX.

761 2185 1053 2250 Tfloms
1100 2184 1669 2251 CANTUARmsffls
1712 2199 2301 2248 Auomsmscopus
2346 2183 2676 2250 Hsmuco

1278 2285 1767 2350 Wm'romsnsl
1816 2300 2152 2350 smscoro,

906 2411 1002 2472 (A.
1026 2413 1153 2469 3413
1196 2409 1257 2460 O.
1281 2408 1332 2458 ii.
1354 2412 1487 2467 2583
1523 2407 1579 2457 Z.
1604 2426 1650 2456 v.
1675 2412 1771 2468 363
1806 2409 1936 2471 Lup.
1961 2425 2008 2457 v.
2034 2412 2132 2468 36;
2169 2408 2353 2459 Thom.
2384 2412 2522 2468 161.)

754 2527 1034 2592 Thomas
1082 2525 1580 2592 cantuariensis
1625 2522 2194 2610 archiepiscopus2
2243 2524 2528 2591 Hem-ico
2591 2527 2775 2592 Win-

666 2628 951 2694 toniensi
997 2629 1296 2714 episcopo
1314 2623 1341 2664 ³
1370 2625 1671 2704 salutem,
1702 2630 1772 2690 et
1804 2625 1904 2710 (in
1933 2625 2072 2710 via)
2094 2626 2122 2664 ⁴
2153 2625 2616 2690 mandatorum
2655 2629 2780 2695 Dei

661 2735 1017 2818 promereri
1063 2732 1369 2797 bravium
1414 2753 1717 2817 supernae
1762 2731 2152 2796 vocationis,

756 2835 1263 2901 Fraternitatem
1297 2839 1586 2898 vestram
1630 2833 1840 2898 latere
1870 2853 2005 2897 non
2035 2840 2315 2919 possunt
2360 2834 2770 2903 calamitates
2805 2838 3054 2890 Interdiet

668 2958 819 3022 quae
840 2937 981 3023 jam
1012 2958 1131 3022 per
1158 2959 1274 3001 sex
1305 2957 1512 3002 annos
1542 2935 1980 3022 Anglicanam
2012 2935 2347 3001 ecclesiam
2379 2936 2779 3015 afflixerunt,
2802 2907 3084 3023 affige·

673 3041 787 3107 sed
815 3040 1143 3125 praecipue
1189 3044 1467 3103 matrem
1504 3043 1793 3102 vestram
1827 3036 2376 3104 Cantuariensem
2423 3039 2776 3119 ecclesiam,

670 3142 859 3228 cujus
903 3142 1077 3207 sicut
1121 3162 1205 3205 ex
1250 3140 1525 3207 caritate
1573 3139 1826 3204 debetis
1869 3139 2149 3204 miseriis
2195 3142 2502 3228 compati,
2548 3143 2646 3209 sic
2693 3164 2776 3209 ex

673 3242 1061 3308 necessitate
1122 3239 1318 3306 officii
1380 3246 1449 3305 et
1511 3239 1810 3305 exhibita
1869 3240 2266 3326 professione
2327 3264 2444 3309 vos
2507 3265 2632 3331 opo
2641 3250 2778 3311 rtet

666 3344 876 3429 ipsius
919 3342 1183 3408 obedire
1230 3342 1575 3406 mandatis.
1702 3341 2252 3427 Exspectavimus
2298 3345 2776 3430 poenitentiam

669 3443 921 3509 domini
950 3442 1121 3528 regis
1146 3466 1163 3521 3
1200 3441 1315 3508 sed
1347 3442 1457 3507 ille
1508 3443 1715 3528 (quod
1761 3464 1896 3508 non
1927 3444 2069 3509 sine
2099 3466 2380 3511 moerore
2425 3468 2772 3533 possumus

668 3542 918 3629 eloqui)
962 3543 1125 3608 adeo
1170 3542 1615 3609 misericordia
1660 3544 1811 3625 Dei,
1857 3551 1925 3609 et
1969 3552 2216 3612 sanctae
2233 3544 2258 3583 ⁶
2305 3544 2619 3613 Romanae
2665 3569 2771 3613 ec-

668 3644 881 3711 clesiae
928 3650 997 3709 et
1040 3650 1264 3710 nostra
1312 3644 1637 3729 patientia
1682 3667 1939 3731 semper
1981 3647 2226 3713 abusus
2273 3654 2390 3725 est,
2421 3654 2500 3713 ut
2544 3650 2768 3713 novis-

661 3748 829 3812 sima
869 3746 1009 3831 ejus
1051 3746 1266 3811 indies
1295 3745 1583 3811 ecclesiae
1628 3746 1755 3811 Dei
1784 3748 2023 3813 fierent
2053 3750 2380 3815 deteriora
2425 3752 2770 3837 prioribus,

660 3844 767 3911 Ne
802 3867 955 3933 ergo
1000 3846 1269 3932 sanguis
1316 3847 1457 3931 ejus
1498 3853 1567 3911 et
1607 3852 2092 3933 compereuntis
2137 3850 2425 3917 ecclesiae
2470 3853 2766 3937 requira-

652 3953 766 4011 tur
810 3968 851 4013 a
894 3946 1099 4024 nobiS,
1148 3946 1557 4014 fraternitati
1603 3956 1844 4015 vestrae
1905 3952 1976 4013 in
2027 3952 2284 4017 virtute
2345 3952 2762 4030 obedientiae,

652 4048 724 4112 in
784 4048 1073 4133 periculo
1134 4049 1400 4125 ordinis,
1460 4048 1746 4129 honoriS,
1792 4066 1864 4117 et
1921 4051 2088 4117 bene
2105 4053 2257 4131 ficii,
2319 4054 2762 4141 praecipiendo

650 4152 1057 4227 mandamus
1089 4156 1417 4236 quatenus
1448 4152 1621 4216 infra
1651 4153 2027 4237 quindecim
2082 4155 2222 4220 dies
2252 4177 2296 4222 a
2323 4156 2766 4241 susceptione⁶

650 4253 1093 4337 praesentium,
1124 4275 1243 4338 per
1272 4258 1485 4318 totam
1532 4254 1868 4320 dioecesim
1920 4262 2212 4321 vestram
2259 4258 2480 4323 omnia
2511 4258 2772 4333 divina,

726 4476 741 4507 ¹
778 4476 975 4535 vestris,
1002 4476 1057 4524 Z.
1833 4478 1855 4508 ⁴
1889 4478 2059 4535 nimia,
2101 4478 2185 4539 νς
2218 4480 2398 4540 omnia,
2447 4480 2528 4541 L;
2571 4483 2621 4531 in
2671 4487 2770 4543 via,

721 4552 744 4586 ²
785 4553 999 4603 nomas
1031 4589 1044 4602 .
1081 4588 1094 4601 .
1135 4590 1147 4603 .
1182 4552 1434 4619 archiep„
1458 4554 1533 4613 Z;
1559 4569 1660 4604 om.
1764 4554 1838 4614 A,
1861 4556 1927 4614 O,
1949 4556 2005 4605 Z.

654 4634 719 4683 L.
1829 4635 1862 4677 ⁸·
1883 4642 2090 4696 wnctoe,
2111 4637 2181 4695 A,
2204 4637 2278 4695 Z;
2311 4653 2489 4699 sacr-cr,
2513 4641 2572 4688 L.

721 4710 743 4743 ³
779 4710 1005 4759 Hearico
1040 4745 1054 4759 .
1092 4747 1103 4759 .
1141 4747 1153 4760 .
1178 4712 1425 4775 episcopo,
1446 4710 1495 4759 A
1558 4726 1659 4762 om.
1829 4710 1852 4743 ⁶
1882 4715 2219 4777 supcepeione,
2243 4716 2314 4775 A,
2337 4716 2390 4766 Z.

654 4790 716 4841 L·
831 4882 864 4917 o
893 4872 1069 4919 12478.
2453 4894 2502 4941 X
