3634 5800
1507 913 1878 963 CONTENTS.

666 1149 789 1207 708.
830 1149 1222 1208 'theodwinus
1260 1151 1571 1221 presbyter
1604 1149 1921 1206 cardinalis
1953 1149 2130 1206 titulo
2156 1149 2358 1205 sancti
2383 1148 2601 1205 vitalis

2707 896 2778 962 xi

882 1234 1137 1290 Thomae.
1140 1237 1227 1274 —‘
1237 1233 1533 1305 ‘Cognito
1558 1237 1621 1288 et
1644 1234 1819 1305 pro”
1879 1265 1902 1278 ·
2116 1260 2140 1277 ·-
2577 1263 2601 1275 -
2671 1233 2778 1287 374

668 1318 794 1374 709.
830 1317 1167 1374 Alexander
1206 1335 1358 1390 papa
1397 1317 1635 1372 Thomae
1674 1325 1736 1373 et
1774 1318 1910 1372 aliis
1951 1317 2241 1390 episcopis
2277 1316 2524 1388 Angliae.
2529 1343 2600 1356 -

885 1402 1244 1472 “Quoniam
1269 1401 1773 1458 enormitatibus”
1860 1433 1884 1445 -
2673 1399 2780 1455 375

670 1487 797 1543 710.
834 1486 1171 1542 Alexander
1230 1503 1383 1558 papa
1444 1485 1783 1554 (willelmo)
1847 1486 2172 1542 senonensi
2221 1491 2284 1542 et·
2343 1485 2601 1541 Retrodo

886 1570 1347 1642 Rothomagensi
1373 1569 1850 1641 archiepiscopis.
1853 1574 1943 1610 —‘
1951 1569 2290 1625 ‘Molestias
2315 1569 2435 1626 et’'
2579 1601 2602 1612 -
2675 1571 2782 1624 376

670 1655 795 1710 711.
834 1653 1171 1710 Alexander
1192 1669 1346 1725 papa
1378 1653 1636 1709 Reti-odo
1676 1651 2142 1724 Rothomagensi
2167 1653 2604 1724 archiepiscopo

826 1769 833 1774 ·
885 1743 945 1793 et.
972 1738 1268 1792 Bernardo
1292 1737 1651 1793 Nivernensi
1676 1737 2081 1810 episcopo.--“
2112 1737 2336 1794 Audito
2362 1749 2423 1793 et
2448 1737 2485 1764 ’'
2579 1769 2602 1780 -
2675 1737 2781 1794 378

670 1821 796 1877 712.
834 1821 1169 1878 Alexander
1190 1837 1347 1894 pepe
1366 1822 1443 1876 ad
1466 1821 1889 1877 Thomam.--“
1919 1821 1985 1878 si
2009 1823 2392 1878 enormitates
2419 1821 2455 1846 '⁹
2579 1853 2603 1865 -
2675 1821 2783 1877 379

670 1907 794 1962 713.
838 1906 1175 1962 Alexander
1200 1923 1352 1978 papa
1377 1904 1691 1962 Ludowico
1716 1906 1853 1977 regi
1889 1908 2269 1962 Francorum.
2273 1910 2360 1950 -—-‘
2370 1906 2606 1962 ‘saluti

892 1992 1213 2062 “regum
1630 2017 1656 2035 ·
2583 2019 2607 2032 -
2677 1991 2780 2046 381

672 2075 796 2130 714.
835 2073 1171 2130 Alexander
1195 2091 1348 2147 papa
1370 2075 1445 2130 ad
1470 2075 1771 2131 Thomam.
1774 2077 1865 2118 -‘
1875 2073 2233 2130 “Anxietate
2257 2073 2508 2130 cordis’'
2579 2105 2602 2117 -
2677 2075 2784 2130 382

674 2161 800 2216 715.
836 2159 1171 2218 Alexander
1226 2177 1378 2233 pape
1436 2160 1916 2234 archiepiscopis,
1981 2160 2288 2233 episcopie,
2349 2166 2413 2217 et
2473 2161 2606 2218 aliis

819 2271 831 2278 ·
888 2246 1274 2302 ecclesiarum
1314 2244 1596 2318 proelatiS,
1632 2261 1742 2316 per
1784 2251 2006 2301 terram
2045 2246 2207 2318 regis
2239 2245 2472 2317 Angliae
2495 2245 2603 2302 cis-

885 2329 1177 2386 marinam
1200 2328 1555 2384 constitutis.
1558 2332 1675 2372 -“
1707 2328 1863 2384 Oura
1884 2329 2195 2402 pastoralis
2223 2327 2258 2353 ’⁹
2583 2363 2606 2374 -
2678 2331 2784 2388 383

674 2415 798 2470 716.
839 2413 1092 2469 Thomas
1118 2413 1455 2468 Alexandro
1480 2430 1665 2510 papoe:
1666 2416 1757 2455 -—‘
1766 2415 1899 2468 “Ex
1923 2431 2058 2485 quo,
2085 2413 2322 2487 pater’'
2583 2445 2608 2458 -
2679 2417 2788 2472 384

676 2499 799 2554 717.
836 2498 1051 2554 Nuntii
1075 2497 1169 2552 sui
1194 2513 1337 2568 quos
1362 2496 1607 2554 miseret
1642 2497 1706 2552 in
1730 2495 2018 2568 Angliam
2055 2513 2164 2569 pro
2187 2514 2330 2569 pace
2353 2497 2430 2555 ad
2453 2497 2606 2555 'rho-

888 2586 1157 2638 mams--J
1162 2581 1551 2636 ‘Mandatum
1573 2583 1904 2637 vestrum”
2584 2616 2604 2628 -
2679 2587 2786 2640 389

674 2667 799 2723 718.
837 2667 1092 2746 Thomas
1117 2667 1246 2738 regi
1272 2666 1517 2738 Angliae.
1522 2669 1610 2710 --‘
1620 2664 1850 2722 ‘Nobis
1875 2665 2233 2739 inspector”
2584 2701 2603 2712 ·
2679 2669 2786 2725 393

676 2751 800 2808 719.
822 2752 877 2806 J
879 2769 1092 2807 oannes
1135 2749 1597 2808 saresberiensis
1636 2749 1710 2805 ad
1736 2750 2104 2806 willelmum
2141 2751 2510 2825 subpriorem
2548 2761 2607 2810 et

890 2835 1035 2890 alios
1060 2833 1527 2892 Oantnarienses.
1528 2838 1620 2876 -‘
1635 2834 1890 2890 ‘Preces
1915 2834 2203 2892 vestras”
2349 2865 2372 2878 ·
2681 2839 2786 2894 395

677 2920 804 2976 720.
842 2918 1173 2975 Alexander
1232 2936 1387 2991 papa
1445 2918 1784 2983 Exoniensi,
1850 2919 2169 2986 cestrensi,
2219 2920 2482 2985 Rofensi,
2535 2921 2608 2976 de

824 3004 1108 3065 ,sancto
1132 3003 1355 3074 Asaph,
1382 3002 1754 3068 Lanelvensi,
1778 3008 1843 3064 et
1879 3002 2265 3063 Dunelmensi
2301 3004 2606 3076 episcopie.

966 3088 1315 3159 “Quamvis
1340 3086 1533 3144 curae’
1635 3118 1656 3132 ·
2113 3118 2134 3133 -
2591 3122 2610 3134 -
2683 3094 2790 3148 397

679 3176 803 3231 721.
842 3172 1177 3245 Alexander
1240 3190 1390 3245 papa
1451 3170 1719 3229 Gilberto
1772 3168 2168 3228 Londonieusi
2227 3180 2322 3281 et„
2347 3172 2387 3228 J
2387 3173 2612 3229 ocelmo

897 3257 1330 3314 saresberiensi
1355 3256 1663 3329 episcopis.
1664 3258 1753 3299 -—‘
1764 3254 2087 3325 ‘Quamvis
2113 3258 2304 3312 curoe’
2589 3292 2608 3303 -
2683 3262 2788 3317 399

681 3344 804 3397 722.
843 3342 1137 3397 Henricus
1160 3358 1266 3397 rex
1292 3340 1521 3412 Angliae
1544 3340 1621 3395 ad
1644 3341 2058 3397 'rhomam—‘⁶
2089 3340 2301 3397 sciatis
2323 3343 2539 3415 quod”
2590 3376 2612 3387 -
2683 3348 2790 3402 400

683 3440 810 3511 723.
846 3440 1098 3498 Thomas
1147 3443 1282 3551 post,
1308 3437 1579 3497 „reditum
1624 3454 1795 3492 suum
1849 3438 1911 3492 in
1951 3437 2232 3507 Angliam
2279 3438 2613 3497 Alexandro

894 3540 1077 3597 papae.
1080 3526 1171 3567 --‘
1182 3522 1411 3593 ‘Quam
1430 3522 1675 3593 justis’'
1877 3552 1900 3565 ·
2591 3549 2610 3561 ·
2683 3528 2788 3583 401

682 3608 807 3664 724.
846 3608 884 3663 J
886 3624 1103 3664 oannes
1142 3606 1603 3664 saresberiensis
1640 3606 1817 3661 Petro
1855 3606 2050 3662 abbati
2092 3606 2295 3663 Sancti
2329 3606 2609 3680 Remigii.

895 3697 983 3737 -‘
993 3692 1207 3747 ‘Mora
1238 3692 1421 3747 mea”
1636 3720 1657 3735 ·
1876 3721 1896 3735 ·
2114 3720 2135 3733 -
2351 3722 2372 3735 ·
2591 3724 2610 3736 -
2685 3696 2792 3751 407

680 3778 804 3834 725.
838 3779 1094 3834 Thomas
1130 3774 1374 3848 Hugoni
1414 3774 1643 3831 eomiti.
1648 3780 1735 3819 -‘
1748 3776 1982 3831 ‘Lectis
2019 3776 2338 3831 caritatis”
2685 3780 2794 3834 414

681 3864 804 3919 726.
845 3862 1099 3917 Thomas
1158 3860 1476 3917 Wilhelmo
1535 3859 1899 3915 Norwicensi
1959 3860 2248 3930 episcopo.
2273 3890 2344 3901 -
2373 3808 2615 3929 “Quod

898 3946 1131 4001 “nobis
1166 3946 1353 4002 cara’'
1396 3974 1417 3989 ·
1635 3974 1658 3987 ·
1874 3974 1897 3985 -
2353 3975 2372 3989 ·
2591 3977 2610 3989 -
2684 3949 2792 4005 416

663 4034 805 4089 727.
834 4031 1198 4098 wilhelmus
1230 4028 1621 4091 Norwioensis
1654 4027 1961 4101 episcopus
1987 4026 2062 4082 ad
2087 4028 2485 4085 Thomam—-“
2515 4030 2616 4087 se-

900 4113 1227 4171 “cundum
1266 4114 1565 4169 formem”
2119 4142 2139 4157 ·
2355 4146 2376 4160 -
2594 4140 2612 4152 -
2687 4116 2797 4172 417

682 4214 805 4270 728.
844 4210 1179 4267 Alexander
1231 4226 1383 4282 papa
1430 4210 1505 4265 ad
1544 4209 1864 4265 Ricardum
1903 4209 2382 4266 cantuariensem
2429 4211 2616 4266 arehi-

898 4295 1253 4367 episcopum.
1258 4297 1346 4337 --‘
1358 4292 1487 4349 A‘d
1525 4311 1689 4350 aures
1726 4293 2008 4349 nostras”
2596 4326 2614 4340 ·
2688 4296 2797 4353 417

683 4394 805 4449 729.
845 4391 1139 4447 Henrious
1190 4390 1521 4461 Anglornm
1568 4408 1673 4447 rex
1713 4391 1788 4445 ad
1837 4390 2237 4447 Alexandrum
2287 4408 2514 4463 papam.
2546 4423 2616 4437 --

901 4478 1035 4534 “si
1072 4476 1450 4533 devotionis”
1644 4508 1668 4522 ·
1808 4518 1820 4528 .
1883 4506 1908 4520 -
2121 4504 2145 4517 -
2595 4509 2617 4520 -
2689 4479 2796 4533 418

686 4578 811 4634 730.
850 4575 1099 4647 Εςιᾱίιιιι
1162 4573 1534 4631 Ebroicensis
1596 4574 1904 4645 episcopus
1963 4572 2292 4629 Alexandro
2341 4590 2523 4646 pepae.
2545 4608 2617 4619 --

903 4660 1142 4715 “Circa
1176 4658 1377 4714 meae”
1552 4698 1567 4711 .
2593 4691 2612 4704 -
2687 4660 2799 4717 420

690 4764 813 4819 731.
854 4759 1141 4815 Amulfus
1218 4755 1593 4812 Lexoviensis
1676 4755 1986 4826 episeopus
2069 4686 2144 4809 ad
2217 4690 2620 4813 Alexandrum
2675 4814 2680 4817 ,

844 4862 1206 4917 papam—
1210 4840 1508 4909 “Quanta
1544 4838 2015 4895 sollicitudinis”
2356 4871 2380 4888 ·
2595 4873 2618 4885 ·
2688 4844 2796 4899 423
