3634 5800
646 908 785 959 aa).
822 889 1043 977 1170]
1523 902 1888 989 nris‘rom.
2632 884 2764 955 367

657 1090 919 1169 tuisset,
939 1090 1269 1177 quomodo
1291 1094 1515 1155 tamen
1536 1088 1611 1153 in
1632 1088 1854 1154 aliena
1875 1086 2240 1174 provincia,
2265 1093 2336 1153 et
2355 1086 2536 1152 illius
2553 1086 2577 1126 ¹
2605 1076 2744 1174 pree

653 1192 867 1279 cipue,
936 1192 1055 1278 qui
1118 1191 1423 1258 exsulare
1484 1211 1609 1277 pro
1666 1189 1944 1276 justitia
2005 1192 2078 1253 et
2127 1188 2270 1254 fere
2331 1189 2511 1254 solus
2579 1188 2760 1254 exire

648 1294 885 1371 voluit,
961 1297 1031 1359 et
1136 1292 1293 1359 dare
1367 1291 1646 1378 gloriam
1720 1290 1880 1368 Deo,
1956 1289 2087 1355 tibi
2138 1289 2419 1367 licuerit,
2501 1310 2621 1356 nec
2683 1288 2764 1355 de

650 1395 910 1461 ratione
954 1414 1303 1481 possumus
1364 1414 1489 1460 nec
1547 1391 1628 1459 de
1682 1396 2064 1458 sanctorum
2124 1396 2394 1477 patrum
2441 1392 2762 1457 constitu-

651 1496 1013 1562 tionibus²
1071 1494 1389 1562 invenire.
1480 1494 1675 1576 Quod
1734 1494 1793 1559 si
1845 1493 1933 1559 ad
1993 1495 2489 1561 excusationem
2549 1499 2761 1561 tantae

650 1597 1216 1681 praevaricationis
1261 1596 1611 1683 quisquam
1657 1595 1952 1680 objiciat,
1996 1596 2070 1660 in
2114 1594 2264 1660 aliis
2311 1614 2572 1681 quoque
2617 1616 2762 1681 reg-

648 1699 755 1763 nis
798 1699 1031 1785 gravia
1074 1698 1363 1785 plurima
1420 1702 1491 1763 et
1550 1698 1845 1763 enormia
1897 1697 2279 1784 perpetrari,
2341 1696 2415 1761 in
2475 1697 2760 1763 veritate

648 1820 996 1884 possumus
1060 1798 1470 1885 respondere,
1515 1797 1693 1885 quod
1753 1797 2014 1863 nullum
2075 1797 2292 1865 adhuc
2350 1818 2628 1883 regnum
2688 1796 2763 1861 in

649 1904 915 1966 tantum
961 1900 1230 1967 Divinae
1274 1899 1440 1985 legis
1484 1904 1938 1986 contemptum
1982 1899 2360 1965 invenimus
2421 1900 2760 1979 corruisse,

651 2006 730 2066 ut
782 2002 1045 2088 scriptis
1097 2006 1168 2067 et
1216 2002 1619 2087 juramentis
1680 2000 2140 2087 episcoporum
2185 2006 2326 2067 tam
2373 2001 2760 2069 manifestas

652 2103 1078 2169 enormitates
1107 2102 1337 2169 fecerit
1382 2099 1820 2179 communiri,³
1869 2101 2003 2167 nisi
2033 2101 2385 2188 quisquam
2431 2102 2603 2168 illud
2633 2104 2759 2168 im-

651 2206 979 2291 pudenter
1006 2205 1251 2291 alleget
1285 2204 1462 2289 quod
1491 2203 1912 2280 schismatici,
1941 2210 2290 2289 postquam
2308 2204 2337 2243 4
2375 2224 2418 2269 a
2459 2205 2758 2269 fidelium

650 2308 1111 2374 communione
1140 2306 1407 2395 praecisi·
1430 2304 1639 2383 sunt!⁵
1681 2306 1988 2371 inaudita
2033 2309 2104 2370 et
2133 2304 2502 2371 damnabili
2533 2328 2759 2393 super-

650 2410 765 2475 bia
816 2410 1305 2476 commiserunt.
1383 2406 1607 2486 Unde,
1639 2408 1815 2493 quia,
1855 2408 2060 2493 juxta
2090 2407 2368 2473 verbum
2400 2408 2758 2495 prophetae,

651 2510 909 2576 factum
953 2514 1056 2575 est
1100 2510 1173 2575 in
1216 2508 1411 2575 vobis
1454 2529 1842 2595 perversum
1903 2507 2066 2594 quid
2095 2509 2277 2575 ultra
2321 2530 2548 2575 omnes
2592 2511 2760 2577 alias

650 2610 1025 2697 provincias
1070 2612 1143 2677 in
1186 2610 1731 2696 usurpationibus
1792 2608 1950 2687 suis,
1997 2614 2066 2675 et
2110 2614 2265 2696 post
2305 2614 2446 2676 tam
2493 2611 2758 2697 iniquas

650 2712 1161 2781 consuetudines
1225 2714 1608 2799 juramento
1669 2714 1985 2787 firmatas,
2047 2733 2183 2777 non
2257 2712 2590 2797 adjecistis
2660 2736 2760 2779 re-

652 2836 911 2881 sumere
957 2820 1219 2881 scutum
1262 2814 1439 2892 fidei,
1486 2817 1567 2879 ut
1609 2812 1878 2879 staretis
1929 2833 2050 2899 pro
2110 2812 2306 2879 domo
2369 2812 2664 2879 Domini.
2687 2814 2758 2879 in

653 2916 761 2983 die
804 2917 1039 3003 praelii,
1083 2917 1199 2982 sed
1244 2915 1559 3002 posuistis
1604 2935 1841 3000 corpus
1886 2919 2185 2979 vestrum
2233 2916 2306 2979 in
2335 2919 2581 2981 terram
2604 2915 2632 2954 ⁶
2679 2923 2758 2982 ut

648 3041 768 3105 per
825 3039 944 3084 vos
994 3019 1185 3084 fieret
1243 3017 1358 3082 via
1420 3017 1838 3096 transeunti3
1909 3036 2010 3092 ne,
2073 3016 2132 3080 si
2149 3013 2175 3056 ⁷
2235 3016 2490 3082 diutius
2533 3022 2758 3085 tacue-

650 3119 875 3197 rimus,
920 3140 1056 3185 una
1121 3118 1463 3185 vobiscum
1526 3118 1599 3180 in
1662 3117 1771 3182 die
1810 3117 2053 3202 judicii
2119 3117 2566 3184 damnationis
2611 3141 2761 3185 sen-

651 3222 865 3288 tentia
938 3221 1380 3297 involvamur,
1439 3219 1842 3285 auctoritate
1917 3225 2348 3287 sacrosanctas
2424 3219 2758 3300 Romanae,

650 3323 757 3389 cui
800 3323 943 3388 Deo
991 3327 1257 3390 auctore
1309 3319 1807 3398 ministramus?
1853 3319 2160 3398 eeclesiae,
2189 3322 2277 3386 ab
2322 3322 2504 3387 omni
2548 3322 2758 3389 officio

650 3425 1036 3512 episcopalis
1056 3422 1085 3463 ⁹
1178 3445 1292 3490 vos
1399 3422 1865 3509 suspendimus
1955 3422 2323 3508 dignitatis,
2422 3431 2758 3510 sperantes

651 3527 829 3611 quod
844 3524 897 3565 ¹⁰
953 3527 1080 3591 sub
1144 3524 1497 3611 disciplina
1541 3523 1775 3591 saltem
1839 3529 1910 3590 et
1969 3531 2245 3612 paterno
2288 3527 2560 3592 verbere
2606 3550 2758 3596 con-

650 3627 893 3705 stituti,
938 3628 1151 3693 redire
1214 3627 1487 3692 tandem
1552 3626 1640 3692 ad
1702 3647 1831 3703 cor,
1876 3631 1947 3691 et
2015 3625 2098 3692 de
2161 3627 2414 3694 tuenda
2458 3629 2760 3696 debeatis

655 3728 969 3812 [ecclesiae
988 3725 1069 3812 11]
1093 3727 1401 3793 libertate
1432 3732 1744 3813 satagere.
1808 3727 1885 3792 Si
1914 3749 2075 3792 vero
2104 3747 2226 3795 nec
2257 3729 2352 3796 sic
2373 3729 2760 3816 episcopalis

652 3827 846 3894 officii
922 3829 1136 3893 zelum
1198 3829 1701 3914 resumpseritiS,
1759 3849 1884 3893 nos
1928 3828 2164 3906 adhuc,
2216 3835 2486 3896 auctore
2546 3829 2761 3910 1)(50,12

651 3930 826 4015 quod
846 3929 1033 3996 vobis
1052 3929 1104 3970 ³³
1133 3929 1438 3994 imminet
1466 3929 1795 3995 faciemus.
1845 3929 1980 3996 Vos
2011 3930 2235 3996 videte
2263 3951 2348 3996 ne
2375 3929 2542 3998 illud
2571 3933 2760 3998 vobis

718 4156 733 4189 ¹
770 4157 948 4222 ipsius,
971 4156 1032 4208 C.
1821 4155 1843 4194 7
1875 4159 1941 4217 εἰ,
1963 4173 2065 4208 om.
2089 4159 2156 4208 V.

716 4233 737 4268 ²
771 4233 1181 4296 institutionibus,
1206 4235 1265 4285 Z.
1820 4237 1842 4266 ¹*
1877 4235 2238 4300 ministrantur,
2262 4239 2324 4290 Ο.

718 4312 741 4344 ⁸
774 4311 1078 4370 commutari,
1102 4310 1165 4361 Ο.
1480 4315 1501 4328 ’
1820 4315 1842 4346 ⁹
1877 4315 2176 4380 episcopali,
2201 4317 2262 4368 C.

718 4391 739 4422 ⁴
766 4398 1048 4456 postquam,
1070 4391 1108 4438 Z
1132 4410 1147 4448 ς
1177 4387 1487 4454 postmodum
1512 4396 1575 4450 et,
1598 4391 1659 4455 Ia,
1821 4391 1864 4426 ¹⁰
1899 4409 1994 4458 que
2020 4393 2130 4456 (for
2151 4394 2330 4458 quod),
2354 4397 2414 4448 C.

718 4469 739 4502 ⁵
774 4475 913 4528 sunt,
938 4467 993 4518 Z.
1825 4468 1860 4502 ¹²
1895 4469 2131 4532 seclude,
2156 4471 2231 4531 ῦς
2267 4487 2365 4522 om.
2389 4475 2462 4536 A,
2487 4475 2547 4534 Z,
2570 4475 2631 4525 L.

717 4547 738 4580 ⁸
772 4552 977 4604 terram.
999 4545 1043 4598 O
1058 4565 1073 4605 ς
1106 4551 1265 4606 terra,
1292 4544 1361 4604 A,
1386 4545 1447 4595 L.
1520 4546 1657 4608 (The
1823 4545 1864 4579 ¹²
1899 4547 2032 4608 Deo,
2055 4547 2116 4609 C,
2147 4549 2218 4607 z;
2265 4549 2498 4612 Domino,
2540 4553 2614 4616 L3
2653 4552 2762 4604 Do-

651 4625 877 4690 Vulgate
922 4625 1018 4674 has
1061 4623 1323 4687 “posuisti
1371 4631 1429 4672 ut
1472 4633 1657 4674 terram
1756 4626 1884 4674 utino
1905 4625 2100 4676 altered
2121 4633 2176 4677 to
2199 4627 2334 4691 Deo,
2358 4631 2426 4680 A.

652 4708 687 4734 “
724 4719 907 4768 corpus
930 4709 1077 4752 tuum
1098 4708 1150 4752 et
1172 4700 1317 4766 quasi
1337 4701 1473 4752 viam
1496 4709 1655 4752 traus-
1825 4703 1866 4738 ¹⁸
1899 4703 2053 4765 vobis,
2076 4705 2153 4766 03
2187 4706 2348 4768 uobis,
2371 4708 2440 4767 A,
2465 4710 2526 4760 L.

608 4771 619 4780 ’
650 4790 685 4814 “
722 4783 1013 4834 euntibus.”
1077 4781 1147 4833 1⁸.
1172 4781 1223 4833 li.
1248 4783 1359 4846 23.)
