3634 5800
848 834 981 926 162'
1722 880 2080 931 EmsronAE.
2567 868 2724 953 [AD.
2761 866 2954 935 1169-

848 1064 1008 1130 fridi
1072 1066 1321 1132 Ridelli
1385 1067 1659 1146 litteras,
1728 1069 1920 1155 eique
1969 1069 2170 1155 (sicut
2240 1068 2417 1133 idem
2485 1067 2812 1132 Vivianus
2875 1065 2948 1130 in

848 1168 1114 1252 publica
1176 1168 1608 1255 plurimorum
1671 1170 2014 1235 audientia
2081 1169 2410 1236 confessus
2457 1172 2585 1254 est)
2649 1190 2948 1254 corpora-

848 1270 1002 1335 liter
1066 1270 1264 1335 fidem
1330 1270 1533 1349 dedit,
1580 1272 1755 1357 quod
1824 1273 1896 1336 in
1959 1294 2116 1358 pace
2181 1272 2468 1337 ecclesiae
2532 1270 2948 1336 reformanda

850 1371 1101 1436 domini
1146 1394 1335 1459 papae
1380 1373 1769 1461 mandatum
1800 1380 1871 1440 et
1915 1374 2124 1461 i‘psius
2155 1374 2500 1440 consilium
2547 1378 2946 1459 sequeretur.

852 1472 1042 1539 Fecit
1085 1480 1152 1540 et
1197 1474 1454 1540 litteras
1501 1474 1747 1560 signari
1793 1475 2012 1561 sigillo
2073 1497 2206 1555 su0,
2254 1496 2418 1561 quas
2463 1476 2756 1541 ostendit
2801 1474 2949 1559 qui·

849 1577 972 1641 bus
1017 1576 1250 1653 voluit,
1295 1577 1689 1663 promittens
1736 1578 1808 1641 in
1852 1577 1984 1641 illis
2030 1578 2224 1663 quod,
2270 1599 2388 1663 pro
2432 1598 2652 1642 amore
2699 1575 2950 1641 domini

849 1700 1055 1765 papae,
1102 1679 1292 1743 nobis
1336 1678 1639 1743 redderet
1686 1678 2230 1744 Cantuariensem
2277 1679 2628 1755 ecclesiam,
2677 1683 2746 1742 et
2806 1698 2948 1763 pos-

850 1781 1167 1845 sessiones
1211 1779 1465 1845 ablatas
1510 1781 1703 1846 nobis
1749 1786 1817 1845 et
1881 1781 2142 1857 nostrie,
2188 1786 2258 1845 et
2301 1802 2530 1867 pacem
2575 1786 2644 1845 et
2706 1779 2948 1845 securi-

850 1887 1078 1962 tatem,
1125 1894 1201 1947 ut
1246 1882 1333 1948 ad
1383 1882 1807 1948 tractandum
1872 1883 2050 1967 pacis
2096 1883 2392 1959 verbum,
2439 1879 2677 1967 quam¹
2729 1885 2948 1945 vestro

850 1988 921 2049 et
988 1982 1240 2057 domini
1310 1983 1613 2048 Gratiani
1690 1988 1892 2061 metu,
1953 1982 2276 2069 quidquid
2337 1981 2552 2047 alius2
2611 1982 2948 2069 glorietur,

851 2108 1142 2170 quaerere
1186 2087 1557 2164 videbatur,
1604 2087 1953 2171 praefatum
1987 2087 2346 2153 Vivianum
2393 2087 2681 2151 validius
2725 2108 2950 2172 perur-

848 2196 1049 2276 geret.
1144 2189 1277 2255 Sed
1322 2190 1402 2255 de
1434 2190 1675 2255 ablatis
1720 2211 1855 2253 non
1887 2190 2172 2255 faciebat
2201 2190 2492 2275 aliquam
2525 2188 2948 2267 mentionem,

850 2291 979 2355 nisi
1012 2292 1189 2376 quod
1234 2291 1573 2369 innuebat,
1622 2291 1809 2376 quia³
1839 2292 1899 2355 si
1944 2289 2124 2355 illius
2149 2291 2242 2355 ‹in
2271 2290 2740 2356 reformatione
2772 2290 2948 2375 pacis

848 2413 1271 2478 sequeremur
1331 2391 1704 2468 arbitrium,
1749 2412 1870 2456 nos
1932 2391 2279 2457 collocaret
2325 2392 2396 2455 in
2459 2391 2676 2475 capite
2744 2391 2948 2477 regni,

850 2500 919 2560 et
963 2494 1149 2558 nulla
1195 2494 1452 2560 ratione
1498 2498 1842 2579 pateretur
1887 2514 2093 2579 egere.

936 2595 1269 2660 Revocato
1338 2598 1561 2659 autem
1627 2594 1944 2680 magistro
2015 2593 2319 2672 Viviano,
2387 2601 2456 2660 et
2527 2595 2743 2659 verbis
2807 2593 2950 2678 ejus

845 2696 1132 2761 habente
1208 2696 1424 2773 fidem,
1500 2696 1813 2761 simulata
1875 2696 2228 2761 devotione
2295 2698 2626 2783 profectus
2695 2701 2798 2761 est
2861 2696 2948 2760 ad

846 2801 1165 2867 Sanctum
1228 2802 1645 2887 Dionysium,
1691 2786 1767 2866 re
1823 2807 2047 2867 autem
2097 2824 2254 2867 vera
2317 2808 2394 2867 ut
2461 2802 2709 2869 faceret
2770 2800 2946 2887 quod

844 2925 1031 2989 paene
1078 2903 1253 2981 fecit,
1301 2904 1370 2967 id
1416 2909 1535 2980 est,
1582 2908 1661 2968 ut
1705 2925 1927 2988 regem
1983 2903 2626 2969 Christianissimum
2672 2905 2945 2969 circum-

506 3025 820 3077 Oonferenee
844 3007 1153 3072 veniret.'
1214 3006 1548 3071 Convenit
1592 3006 1768 3071 enim
1823 3007 2000 3070 inter
2065 3028 2173 3070 eos
2241 3007 2312 3070 in
2381 3007 2704 3092 colloquio
2767 3006 2946 3091 apud

504 3093 757 3208 &afflsst‘
846 3109 1165 3176 Sanctum
1229 3108 1649 3194 Dionysium,
1694 3113 1773 3172 ut
1819 3109 1879 3172 ei
1947 3087 2258 3173 alendum
2322 3115 2391 3173 et
2457 3109 2944 3174 instituendum

506 3223 637 3276 Nov.
664 3195 743 3274 ιἐ.
842 3211 1183 3276 traderet¹¹
1228 3211 1583 3276 Ricardum
1630 3209 1846 3273 filium
1889 3231 2100 3286 suum,
2147 3216 2217 3274 et
2263 3216 2341 3275 ut
2376 3211 2682 3276 comitem
2716 3210 2944 3276 Sancti

842 3312 1093 3398 AEgidii
1158 3312 1455 3376 Turonas
1519 3319 1768 3387 evocet,
1833 3311 2050 3375 eidem
2125 3311 2408 3376 Ricardo
2477 3333 2942 3397 responsurum

842 3437 1043 3500 super
1088 3414 1411 3479 comitatu
1472 3412 1860 3498 TholosanO.
1955 3412 2300 3496 Siquidem
2364 3413 2543 3478 locus
2611 3413 2724 3478 ille
2788 3426 2945 3498 p'ru-

842 3519 1075 3582 denter
1120 3515 1683 3581 commodissimus
1714 3515 1900 3579 visus
1932 3520 2033 3578 est
2079 3515 2194 3578 ubi
2227 3515 2604 3580 subsidiarii
2650 3516 2941 3600 partium

842 3617 1174 3684 tutissime
1219 3617 1637 3693 conveniant,
1685 3622 1753 3680 et
1798 3616 2214 3701 litigantium
2259 3616 2516 3682 natales
2561 3616 2764 3682 libere
2795 3639 2941 3704 pro·

843 3724 1189 3796 testentur,
1236 3722 1306 3782 et
1350 3718 1465 3803 qui
1502 3716 1617 3802 jus
1663 3718 1908 3782 dicturi
1955 3725 2130 3796 sunt,
2179 3741 2378 3803 quam
2434 3719 2604 3784 ratio
2649 3720 2944 3804 exegerit

842 3827 1117 3908 partem,
1164 3820 1358 3885 alteri
1404 3820 1545 3884 sine
1591 3818 2036 3904 trepidatione
2083 3820 2192 3884 vel
2235 3818 2461 3905 aliqua
2520 3823 2940 3888 cunctatione

840 3920 1324 3988 condemnent!⁵
1432 3920 1572 3984 Nos
1634 3920 1720 3985 ad
1784 3920 1952 3984 illud
2023 3922 2422 4007 colloquium
2483 3922 2944 4006 compulerunt

840 4023 1143 4090 accedere
1175 4021 1483 4087 dominus
1512 4043 1629 4086 rex
1678 4021 2082 4086 Francorum
2100 4021 2126 4058 ⁶
2172 4027 2242 4086 et
2271 4023 2588 4108 magister
2617 4022 2943 4090 Vivianus

842 4131 910 4190 et
954 4125 1070 4188 alii
1116 4121 1464 4208 sapienteS,
1510 4126 1589 4186 ut
1647 4121 1840 4186 nobis
1886 4121 2180 4187 Pal-isius
2247 4125 2626 4189 constitutis
2696 4128 2764 4188 et
2826 4125 2942 4192 illo

839 4227 1019 4313 apud
1066 4225 1386 4290 Sanctum
1432 4223 1836 4308 Dionysium
1899 4224 2242 4300 existente,
2289 4232 2508 4311 posset
2571 4227 2653 4290 de
2723 4227 2942 4294 vicino

840 4328 1247 4394 commodius
1292 4347 1425 4412 pax
1471 4330 1700 4389 nostra
1744 4324 2034 4390 tractari.
2127 4325 2265 4390 Ubi
2310 4347 2460 4391 cum
2507 4327 2693 4391 illum
2742 4349 2945 4414 saepe-

839 4431 1057 4496 dictus
1102 4427 1429 4492 Vivianus
1475 4426 1835 4491 instantius
1881 4431 1952 4492 et
2003 4425 2391 4513 diligentius
2434 4429 2822 4496 conveniret
2867 4437 2944 4495 ut

906 4628 923 4660 ¹
960 4624 1104 4691 qnod,
1128 4625 1186 4685 Z,
1214 4621 1335 4674 with
1358 4621 1436 4671 vel
1460 4638 1605 4686 quam
1630 4621 1799 4672 interl.
2009 4623 2030 4655 ⁴
2065 4621 2294 4682 traheret,
2316 4623 2392 4683 O;
2431 4639 2558 4674 corr.
2587 4626 2649 4675 A.

905 4706 928 4741 2
960 4705 1095 4755 alim
1112 4710 1137 4754 ρ
2003 4702 2024 4734 ⁶
2061 4703 2495 4767 condempm‘erint,
2520 4705 2590 4754 V.

906 4789 927 4821 ι
960 4787 1098 4851 quia,
1120 4787 1186 4845 A,
1212 4784 1253 4834 z
1268 4803 1282 4844 3
1318 4781 1466 4848 quod,
1492 4783 1552 4832 L.
2003 4780 2024 4814 ⁶
2055 4779 2383 4844 Francorum,
2409 4783 2476 4842 A,
2503 4781 2572 4843 Z3
2598 4780 2852 4846 Francioe,
2875 4783 2939 4838 L.
