3634 5800
585 4343 639 4393 A
660 4344 850 4395 church

582 4409 751 4461 which

584 4479 763 4555 Henry
774 4492 879 4527 was

584 4543 816 4610 buildmg

586 4609 670 4660 for
690 4610 777 4660 the

582 4676 733 4725 order
753 4674 798 4726 is

929 848 1057 912 448
1790 862 2186 912 amsi-om.
2632 850 2797 933 μα).
2832 846 3034 915 1171.

928 1051 1094 1116 siam
1171 1051 1715 1118 Cantuariensem
1792 1053 2092 1120 violavit.
2186 1053 2379 1119 Heu!
2453 1056 2509 1119 si
2585 1055 2780 1122 scires
2857 1054 3038 1141 quod

926 1154 1086 1218 novi
1132 1158 1201 1218 et
1268 1154 1559 1238 portenti
1604 1153 1737 1219 fert
1788 1154 1964 1241 regis
2007 1154 2378 1220 Galliorum
2447 1155 2619 1233 aula,
2687 1157 3032 1242 obstupes-

928 1276 1119 1321 ceres.
1214 1254 1390 1319 Nam
1436 1259 1505 1321 et
1550 1256 1694 1321 caeli
1742 1256 2221 1342 obstupescunt
2283 1278 2482 1344 super
2527 1256 2654 1324 hoc
2697 1280 2848 1324 cum
2913 1280 3032 1323 ex-

927 1356 1350 1442 probratione
1422 1378 1620 1441 super
1694 1357 2026 1443 legatione
2101 1362 2341 1423 nostra.
2461 1358 2794 1445 Scripsere
2883 1365 3032 1423 tum

926 1456 1516 1522 excellentissimus
1561 1458 1865 1542 princeps
1909 1463 1980 1523 et
2025 1459 2427 1524 reverendus
2492 1464 2684 1545 pater
2727 1459 3033 1525 dominus

927 1556 1254 1622 Henricus
1299 1555 1381 1621 de
1428 1556 1728 1635 Francia,
1772 1558 1950 1643 regis
1979 1558 2384 1625 Francorum
2429 1581 2782 1645 germanus
2811 1560 3033 1637 frater,

924 1657 1065 1722 dux
1112 1662 1181 1721 et
1230 1656 1753 1744 archiepiscopus
1799 1658 2162 1733 Remensis‚
2231 1666 2380 1725 tum
2447 1660 3032 1726 reverendissimus

924 1763 1114 1843 pater
1146 1758 1515 1823 Willelmus
1540 1759 1938 1825 Senonensis
1967 1761 2417 1845 archipraesul,
2449 1762 2815 1827 Henricum
2845 1762 3032 1847 Ang-

922 1860 1031 1925 liae
1078 1883 1296 1947 regem
1340 1862 1749 1925 interemisse
1778 1867 2081 1927 sanctum
2111 1862 2434 1927 Thomam
2479 1862 3028 1928 cantuariensem

920 1963 1497 2049 archiepiscopum.
1590 1962 2076 2029 Obdormissem
2111 1964 2366 2029 utinam
2413 1964 2610 2030 solito
2641 1964 3031 2050 profundius

923 2064 1189 2150 quando
1256 2070 1323 2128 et
1390 2064 1841 2131 sanctissimus
1891 2086 2068 2149 papa
2111 2070 2180 2130 et
2245 2066 2588 2131 reverendi
2661 2066 3028 2131 Galliorum

922 2168 1259 2233 antistites
1333 2187 1437 2230 me
1510 2166 1598 2232 ad
1674 2166 1956 2231 eundem
2035 2166 2402 2233 Henricum
2478 2167 2805 2232 miserunt
2875 2189 3028 2233 cum

922 2268 1190 2334 domino
1279 2267 1493 2353 priore
1586 2266 1960 2333 Carthusiae
2051 2268 2133 2333 de
2225 2268 2648 2334 Monte-Dei!
2743 2269 3028 2335 Utinam

928 2370 1348 2457 reliquissent
1393 2390 1514 2433 nos
1580 2369 1653 2432 in
1698 2368 2172 2435 solitudinibus
2239 2376 2546 2447 errantes,
2612 2370 3030 2436 absconditos

925 2475 998 2538 in
1042 2471 1339 2537 cavernis
1384 2474 1455 2534 et
1498 2470 1826 2555 speluncis
1871 2475 2067 2535 terrae
2114 2471 2768 2537 Grandimontensis!
2857 2472 3028 2537 Vide

921 2579 1249 2661 quantum
1341 2572 1609 2657 pietatis
1682 2571 1995 2637 infundat
2067 2572 2140 2636 in
2214 2593 2324 2638 cor
2411 2593 2632 2639 meum
2722 2573 3030 2660 impietas

922 2682 1129 2743 tanta„
1207 2673 1252 2738 J
1255 2694 1362 2738 am
1392 2671 1609 2757 stylus
1652 2678 1878 2737 noster
1907 2672 2369 2760 submergitur.
2431 2674 2611 2752 Vale,
2656 2680 2728 2739 et
2771 2696 3028 2740 mecum

926 2778 1249 2843 scribente
1293 2774 1537 2840 scribas
1581 2773 1668 2838 ad
1713 2774 1995 2839 eundem
2043 2796 2281 2861 regem,
2325 2776 2383 2839 si
2429 2775 2600 2841 forte
2671 2777 2903 2842 audiat
2955 2784 3028 2841 et

927 2882 1369 2947 convertatur.
1461 2874 1695 2941 Precor
1761 2876 1883 2940 fiat
1943 2877 2157 2942 oratio
2201 2877 2344 2943 sine
2411 2878 2898 2945 intermissione
2940 2878 3030 2945 ab

927 2982 1197 3050 ecclesia
1240 2983 1469 3045 nostra
1510 2980 1597 3044 ad
1642 2978 1861 3042 Deum
1904 3000 2024 3065 pro
2069 3001 2174 3045 me
2219 2982 2620 3067 perturbato.

1778 3392 2159 3461 DCCXLV.

923 3549 1353 3614 W1LLsmms
1393 3563 1487 3612 DE
1516 3545 1908 3622 TRAnmsc,
1955 3558 2166 3606 Pmon
2211 3541 2902 3619 Gmnmon'rsnsm,
2933 3556 3030 3605 AD

1410 3649 1801 3712 Hmmctm
1845 3645 2247 3710 Anonontm
2291 3659 2540 3708 amau.

1637 3793 1917 3856 (Martene,
1941 3791 2096 3842 Thes.
2117 3790 2152 3840 i.
2177 3792 2317 3853 561.)

1012 3925 1313 3992 Salutem
1374 3924 1447 3986 in
1516 3921 1615 3986 Eo
1684 3920 1799 4007 qui
1864 3920 1982 3984 dat
2049 3919 2332 3984 salutem
2406 3917 2670 4003 regibus
2738 3918 3028 3986 Henrico

922 4029 1292 4115 Anglorum
1336 4026 1495 4112 regi,
1541 4024 1839 4111 graviter
1901 4021 2232 4088 laboranti
2296 4019 2662 4106 praesertim
2725 4019 2795 4084 in
2857 4022 3028 4086 inte-

922 4133 1091 4198 riore
1139 4130 1419 4206 homine,
1465 4129 1669 4192 frater
1714 4125 2089 4192 Willelmus
2133 4124 2216 4189 de
2261 4123 2588 4189 Trahinac
2631 4126 3028 4190 conterritus

920 4235 995 4299 in
1042 4233 1520 4299 Grandimonte
1564 4233 1787 4294 vestro
1830 4227 2013 4313 prior
2057 4230 2124 4291 et
2169 4230 2482 4311 peccator.

1016 4335 1206 4413 Item,
1284 4333 1551 4399 domine
1624 4330 1718 4394 mi
1794 4351 1932 4407 rex,
2009 4328 2171 4414 quid
2246 4332 2349 4392 est
2423 4326 2597 4413 quod
2672 4327 2871 4392 audio
2945 4327 3027 4394 de

920 4439 1160 4504 vobis?
1246 4436 1421 4501 Nolo
1465 4455 1586 4499 vos
1651 4432 1954 4520 ignorare
2022 4430 2199 4516 quod
2266 4451 2307 4495 a
2350 4427 2458 4494 die
2502 4451 2636 4515 qua
2679 4429 3028 4495 didicimus

920 4562 1042 4605 vos
1108 4539 1446 4604 lethaliter
1490 4533 1817 4612 cecidisse,
1864 4533 2196 4619 operarios
2241 4531 2616 4596 remisimus
2659 4530 3026 4597 devotionis

922 4651 1163 4709 vestrae
1214 4642 1619 4708 aedificantes
1664 4636 2004 4704 ecclesiam
2048 4636 2283 4700 domus
2328 4640 2464 4699 tuae
2511 4633 3026 4711 Grandimontis,

582 4742 881 4806 suspended.
919 4766 1003 4810 ne
1032 4745 1105 4808 in
1136 4744 1270 4810 ullo
1316 4749 1532 4810 tecum
1577 4739 1931 4828 participes
1962 4758 2265 4802 essemus.
2356 4735 2786 4800 Considerata
2815 4735 3016 4820 siqui·
