3634 5800
638 892 769 941 Μ).
808 873 1027 958 1170.]
1505 888 1860 936 8118101111.
2617 874 2744 937 233

638 1070 1109 1136 Pi'aevenerant
1153 1089 1261 1133 eos
1308 1069 1527 1133 nuntii
1559 1067 1812 1132 domini
1859 1066 2048 1152 regia,
2079 1067 2487 1152 Baginaldus
2532 1066 2744 1134 archi·

639 1171 955 1237 diaconus
1021 1168 1551 1246 SaresberiensiS‚
1618 1167 1937 1254 Magister
2001 1168 2322 1234 Ricardus
2389 1169 2606 1248 Barre,
2671 1175 2740 1234 et

640 1274 968 1339 Radulfus
1047 1272 1497 1338 Landavensis
1570 1270 2114 1351 archidiaconus3
2197 1272 2310 1336 sed
2390 1273 2576 1337 nulla
2644 1273 2742 1336 in-

640 1377 892 1440 stantia
938 1380 1303 1461 potuerunt
1346 1373 1617 1452 efficere,
1664 1378 1742 1438 ut
1788 1396 1914 1450 808,
1961 1374 2092 1438 11181
2141 1373 2462 1452 confusos
2515 1374 2741 1439 dimit-

642 1482 815 1543 teret
860 1478 1162 1542 dominus
1205 1497 1379 1563 papa
1422 1481 1779 1562 antequam
1826 1497 2019 1540 suum
2043 1476 2067 1513 ¹
2115 1476 2437 1562 reciperet
2483 1476 2747 1542 Gratia·

642 1600 822 1656 num,
867 1580 938 1644 in
984 1580 1172 1665 cujus
1218 1579 1515 1646 adventu
1564 1601 1811 1645 cornua
1858 1601 2083 1644 eorum
2130 1601 2426 1664 repressa
2473 1584 2634 1644 sunt
2678 1584 2748 1644 et

643 1689 881 1759 retusa,
959 1687 1029 1748 et
1087 1681 1377 1748 ecclesiae
1450 1703 1665 1759 causa,
1744 1681 2043 1746 revelata
2117 1680 2380 1766 plenius
2444 1682 2745 1759 veritate,

642 1783 851 1870 magis
898 1789 967 1849 et
1012 1783 1223 1871 magis
1269 1783 1575 1850 invaluit.
1673 1783 1852 1848 Nam
1899 1788 1970 1848 et
2012 1783 2404 1869 conjuratiO,
2451 1805 2600 1869 quae
2660 1784 2746 1849 ad

641 1887 853 1952 instar
913 1886 1285 1952 schismatis
1352 1886 1495 1950 fieri
1564 1885 1923 1970 cogebatur
1987 1883 2059 1948 in
2127 1883 2394 1971 Anglia,
2459 1885 2746 1952 ecclesiae

638 1995 867 2054 contra
910 2011 1112 2074 quam
1156 1989 1517 2074 parabatur
1554 1987 1959 2074 profectibus
2006 1987 2344 2054 militabat
2373 1992 2396 2052 2
2423 1988 2450 2026 ²
2517 1987 2745 2054 Secuti

642 2097 803 2156 sunt
862 2090 978 2155 alii
1024 2091 1247 2155 nuntii
1293 2113 1377 2154 ex
1443 2095 1633 2175 parte
1678 2090 1889 2176 regis:
1952 2090 2257 2176 AEgidius
2319 2089 2568 2156 scilicet
2615 2091 2748 2156 Ro-

641 2192 1089 2280 thomagensis
1134 2191 1679 2269 archidiaconus?
1723 2191 1771 2256 J
1772 2192 2070 2258 ohannes
2133 2191 2288 2280 Sagi
2296 2193 2470 2258 ensis
2530 2191 2744 2258 archi·-

641 2294 974 2372 diaconuS,
1005 2300 1074 2359 et
1104 2292 1393 2359 famosus
1428 2294 1693 2379 jurator
1722 2293 1836 2360 ille
1866 2295 2148 2362 decanus
2165 2293 2194 2334 ⁴
2224 2293 2749 2373 Saresberiensis,

644 2401 1077 2464 retractantes
1120 2397 1415 2482 priorum
1484 2397 1859 2482 petitioneS,
1906 2402 1976 2462 et
2043 2397 2336 2464 dicentes
2404 2398 2744 2464 dominum

642 2522 863 2586 regem
928 2521 1194 2566 causam
1263 2521 1412 2584 quae
1487 2499 1665 2564 inter
1738 2499 1956 2584 ipsum
2019 2503 2089 2564 et
2113 2498 2138 2537 ⁵
2199 2497 2748 2568 Cantuariensem

641 2603 1202 2689 archiepiscopum
1220 2601 1247 2638 ⁶
1294 2603 1597 2678 vertitur,
1651 2606 1720 2667 et
1794 2603 2073 2668 formam
2147 2605 2328 2689 pacis
2399 2606 2574 2671 inter
2640 2627 2750 2672 808

644 2706 1093 2784 reformandae,
1162 2727 1431 2792 prorsus
1470 2707 1567 2770 ·in
1632 2705 1886 2770 domini
1952 2726 2148 2792 papae
2213 2708 2508 2774 conferre
2573 2709 2744 2774 arbi-

646 2809 871 2886 trium,
916 2815 987 2874 et
1032 2831 1229 2895 super
1259 2808 1383 2875 hoc
1412 2807 1623 2893 ipsius
1665 2809 1840 2894 regis
1885 2808 2173 2876 bullatas
2218 2810 2476 2876 litteras
2521 2816 2749 2897 protu-

647 2911 885 2977 lerunt.
982 2910 1174 2990 Quod
1238 2911 1546 2977 dominus
1607 2930 1783 2995 papa
1854 2911 2204 2998 benignius
2267 2914 2546 2979 audiens
2609 2914 2750 3000 regi

644 3013 1113 3098 gratulatorias
1176 3013 1445 3097 scripsit
1493 3011 1772 3087 litteras,
1827 3032 2108 3097 quarum
2173 3014 2301 3079 tibi
2355 3015 2750 3101 rescriptum

648 3115 861 3179 mitto,

742 3218 1021 3283 Interim
1067 3239 1183 3283 rex
1217 3239 1365 3282 cum
1412 3217 1545 3281 alio
1577 3234 1753 3303 rege,
1795 3218 2134 3283 mediante
2181 3217 2460 3305 'l'yrensi
2483 3220 2507 3261 ⁷
2539 3221 2752 3287 archi·
2779 3243 2830 3291 A
2855 3244 3066 3292 crusade

650 3320 971 3405 episcop0,
1042 3320 1122 3384 de
1194 3318 1490 3383 tollenda
1556 3340 1745 3384 cruce
1812 3320 2163 3395 tractabat,
2235 3322 2424 3407 eique
2487 3344 2754 3409 persua·
2779 3311 2972 3360 “med
2994 3308 3064 3359 ⁰¹⁹·

654 3427 847 3499 serat,
892 3421 1305 3507 interpositis
1368 3420 1789 3486 cautionibus
1837 3423 2031 3507 (quas
2075 3423 2359 3509 exprimi
2425 3444 2543 3511 pro
2606 3448 2753 3513 per-

652 3544 826 3590 sonae
874 3523 1247 3590 reverentia
1292 3544 1427 3587 non
1472 3524 1780 3610 oportet),
1827 3524 2006 3610 quod
2072 3546 2112 3589 a
2155 3526 2458 3611 proximo
2503 3528 2753 3595 Pascha

651 3627 724 3690 in
768 3647 1017 3691 annum
1041 3623 1066 3663 ⁸
1110 3624 1485 3711 arripiendo
1553 3626 1777 3689 itineri
1841 3626 2232 3713 accingetur.
2329 3628 2419 3693 Et
2485 3631 2751 3716 quidem

652 3730 777 3793 sub
844 3750 919 3795 eo
989 3733 1321 3814 praetextu
1370 3726 2007 3793 Christianissimum
2054 3730 2416 3817 principem
2463 3734 2535 3796 in
2579 3755 2751 3799 com-

653 3832 975 3917 ponendis
1022 3830 1267 3895 finibus
1314 3830 1451 3895 suis
1480 3828 1769 3894 habebat
1798 3831 2188 3916 adjutorem,
2233 3832 2440 3901 donec
2483 3835 2754 3902 collusio

657 3933 829 3998 inita
896 3955 1045 3998 cum
1092 3933 1377 3997 Hervaeo
1446 3931 1527 3996 de
1574 3932 2128 3998 Monte-Mirabili
2171 3934 2361 3999 illum
2408 3959 2492 4002 ex
2559 3959 2758 4004 causa

651 4035 977 4122 probabili
1066 4034 1225 4100 fecit
1314 4056 1451 4099 esse
1540 4039 1954 4121 suspectum3
2043 4039 2510 4123 suspectiorem
2599 4062 2755 4105 vero

656 4138 834 4225 quod
902 4136 1303 4221 colloquium
1372 4141 1441 4201 et
1508 4122 1921 4203 concordiam
1989 4139 2160 4225 regis
2225 4139 2623 4207 Francorum
2687 4147 2758 4207 et

745 4304 1136 4313 —·--—-—-—·-·---.—-—-—-
1667 4302 1761 4308 -—-—-

2056 4302 2216 4310 -....-.-
2249 4304 2481 4320 —---——-r-
2509 4308 2610 4313 ....
2617 4308 2709 4314 —
2718 4308 2742 4315 .

718 4390 735 4423 ¹
767 4408 923 4451 mum,
945 4404 1046 4441 om.
1073 4391 1136 4441 Ο.
1823 4386 1844 4418 ⁶
1877 4386 2316 4455 archiepiscopum,
2337 4408 2438 4442 om.
2463 4392 2523 4443 Ο.

716 4471 739 4503 ²
774 4469 1029 4531 militabit,
1056 4470 1119 4520 G.
1822 4467 1843 4503 ⁷
1883 4468 2177 4533 Tyrenemi,
2225 4471 2289 4533 Ο,
2327 4470 2402 4531 Ζ;
2463 4472 2759 4537 Turonensi,

716 4548 737 4581 ³
774 4548 1183 4607 archidiaconus,
1206 4562 1305 4596 om.
1333 4546 1398 4607 G,
1420 4545 1541 4595 with
1564 4560 1653 4594 ar·
1755 4547 1816 4597 L.

650 4626 936 4678 chidiaconi
958 4628 1133 4677 below.
1298 4682 1303 4689 ,
1825 4626 1846 4657 ⁸
1883 4628 1934 4675 in
1968 4643 2165 4690 arcuum,
2199 4630 2262 4689 Ο,
2299 4630 2358 4688 Ζ,
2394 4631 2477 4692 G;
2516 4648 2762 4696 imaum,

717 4707 738 4738 ⁴
771 4706 1009 4766 decanus,
1033 4722 1131 4757 om.
1156 4704 1221 4755 L.
1760 4706 1813 4757 V
1835 4728 1848 4761 ς
1883 4708 2100 4768 navium,
2126 4706 2192 4758 L.

717 4786 737 4819 ⁶
774 4784 1033 4845 danninum,
1055 4783 1149 4833 ins.
1176 4782 1241 4833 L.
