3634 5800
543 2585 640 2646 Ep.
665 2582 789 2649 cliii.

543 2656 625 2703 20.

541 2786 673 2841 Ibid.
699 2793 783 2841 21.

885 840 1014 911 166
1425 922 1432 927 ,
1766 856 2127 909 ans-rom.
2608 840 2767 929 [Am.
2803 840 2997 907 1169.

877 1062 1046 1121 mus,
1089 1044 1281 1111 tanto
1326 1044 1628 1128 tempore
1673 1039 1895 1109 earuit
1954 1040 2311 1128 praesentia
2369 1044 2614 1119 nostra,
2662 1044 2733 1107 et
2777 1037 2999 1107 dolere

877 1142 1102 1229 potuit
1169 1143 1252 1209 de
1313 1142 1632 1211 absentiae
1701 1141 2135 1209 incommodo·
2225 1141 2375 1209 Hoc
2432 1139 2653 1221 facite,
2708 1139 2999 1229 benigne

878 1244 1146 1311 domine
1189 1244 1302 1323 mi,
1349 1249 1420 1311 et
1441 1242 1466 1283 ¹
1509 1243 1704 1312 eorde
1743 1243 2039 1330 jocundo
2084 1264 2162 1311 ae
2206 1243 2427 1324 hilari,
2470 1248 2801 1330 quatenus
2842 1262 2997 1309 eon-

879 1346 1073 1414 eedat
1134 1346 1326 1413 vobis
1393 1344 1579 1413 Deus
1641 1350 1712 1413 et
1774 1344 2151 1413 haeredibus
2219 1343 2461 1411 vestris
2536 1349 2605 1411 et
2680 1344 2997 1415 restituat

879 1448 1065 1517 illam
1129 1468 1356 1537 paoem
1403 1470 1606 1537 quam
1669 1447 2004 1515 desiderat
2048 1468 2160 1515 eor
2216 1451 2521 1515 vestrum
2562 1448 2650 1515 ad
2710 1447 2995 1516 salutem

883 1552 1126 1619 animae
1193 1554 1448 1631 vestrae,
1517 1556 1588 1617 et
1653 1550 1885 1638 populi
1948 1548 2140 1617 vobis
2206 1571 2249 1617 a
2312 1548 2601 1616 Domino
2646 1550 2992 1619 commissi.

887 1654 977 1721 Et
1041 1675 1162 1721 nos
1227 1674 1347 1743 pro
1409 1658 1592 1721 certo
1657 1653 1881 1741 parati
1947 1674 2179 1719 sumus
2221 1658 2293 1720 et
2358 1652 2603 1719 erimus
2648 1652 2737 1719 ad
2798 1674 2993 1719 omne

883 1756 1274 1844 obsequium
1317 1761 1617 1823 vestrum
1679 1754 2053 1823 ferventius
2074 1753 2101 1795 ²
2144 1775 2221 1823 ae
2268 1754 2575 1821 devotius
2620 1775 2821 1841 quam
2866 1776 2991 1821 un-

881 1880 1084 1945 quam
1149 1862 1308 1927 ante
1371 1858 1732 1941 fuerimus;
1807 1857 2167 1925 dummodo
2232 1876 2371 1923 non
2445 1854 2858 1925 offendamus
2919 1856 2993 1925 in

882 1960 1100 2028 Deum
1143 1982 1359 2047 neque
1403 1960 1477 2027 in
1520 1960 1823 2029 ordinem
1868 1964 2189 2027 nostrum.

971 2063 1076 2129 De
1097 2060 1125 2102 ³
1190 2062 1548 2129 mobilibus
1611 2083 1770 2131 vero
1787 2061 1815 2102 ⁴
1876 2060 2119 2139 ablatis
2178 2060 2467 2131 eoeleeiae
2522 2060 2991 2133 Cantuariensi
3110 2150 3119 2159 .

881 2170 952 2236 et
1013 2164 1206 2233 nobis
1273 2170 1344 2233 et
1417 2166 1682 2246 nostris,
1745 2186 1975 2235 secure
2036 2164 2229 2232 vobis
2290 2164 2693 2233 affirmamus
2767 2187 2989 2233 eoram

882 2267 1026 2335 Deo
1070 2273 1140 2337 et
1184 2272 1328 2335 toto
1373 2268 1639 2347 mundo,
1686 2268 1949 2335 etiamsi
2009 2288 2298 2355 praesens
2358 2272 2548 2346 esset,
2593 2268 2753 2355 quia
2802 2268 2987 2335 nullo

887 2370 1098 2448 mode,
1143 2368 1331 2453 nulla
1349 2368 1376 2409 ⁶
1421 2370 1700 2449 ratione,
1759 2368 2132 2437 dimittitur
2192 2374 2537 2457 peecatum
2601 2369 2735 2435 nisi
2796 2369 2987 2437 resti·

884 2478 1118 2541 tuatur
1179 2472 1496 2551 ablatum,
1541 2472 1600 2539 si
1663 2470 1975 2540 habuerit
2036 2473 2154 2559 qui
2220 2470 2502 2541 abstulit
2568 2470 2679 2537 vel
2743 2473 2989 2539 auferri

883 2574 1046 2642 feeit
1088 2574 1267 2641 unde
1329 2574 1660 2641 restituat.
1781 2572 1983 2640 Unde
2044 2573 2281 2639 beatus
2340 2573 2797 2660 Augustinus:
2846 2580 2881 2610 “
2910 2574 2987 2641 Si

883 2684 919 2714 “
963 2698 1067 2743 res
1139 2676 1381 2755 ablata,
1459 2697 1610 2744 cum
1671 2674 1862 2743 reddi
1938 2675 2165 2761 possit,
2242 2695 2380 2741 non
2453 2675 2775 2753 redditur,
2848 2698 2985 2743 non

882 2786 918 2815 “
960 2778 1189 2865 agitur
1229 2778 1652 2864 poenitentia,
1695 2776 1815 2845 sed
1861 2776 2269 2845 simulatur.’'
2364 2776 2455 2843 Et
2498 2776 2701 2843 alibi:
2748 2787 2779 2814 “
2802 2776 2983 2845 Illud

875 2886 913 2918 ‘⁶
957 2880 1388 2948 fidentissime
1455 2878 1758 2958 dixerim,
1820 2901 1973 2945 eum
2036 2878 2153 2964 qui
2212 2898 2337 2967 pro
2397 2877 2665 2946 homine
2710 2880 2799 2946 ad
2858 2880 2985 2948 hoe

875 2993 912 3022 “
956 2983 1341 3064 intervenit,
1408 3003 1494 3050 ne
1551 2981 1784 3050 ablata
1844 2981 2178 3060 restituat,
2224 2986 2294 3047 et
2353 2982 2470 3068 qui
2494 2981 2521 3021 ⁶
2562 2983 2653 3048 ad
2712 3004 2783 3048 se
2828 3005 2983 3050 con-

880 3094 914 3121 “
959 3085 1342 3172 fugientem,
1373 3086 1702 3171 quantum
1746 3081 2023 3148 honeste
2066 3082 2331 3168 poterit,
2362 3083 2450 3150 ad
2492 3083 2983 3152 restitutionem

874 3197 910 3224 “
953 3209 1092 3255 non
1134 3187 1488 3275 compellit,
1517 3186 1768 3254 socium
1799 3205 1939 3252 esse
1983 3183 2243 3252 fraudis
2288 3188 2357 3252 et
2400 3185 2709 3254 criminis.
2802 3185 2981 3264 Nam

875 3297 912 3327 “
953 3289 1336 3377 hujusmodi
1399 3287 1781 3356 hominibus
1858 3286 2346 3356 misericordius
2418 3309 2611 3376 opem
2685 3294 2979 3356 nostram

875 3402 914 3436 “
957 3391 1410 3460 subtrahimus
1441 3411 1640 3478 quam
1687 3389 2187 3476 impendimus?
2278 3389 2426 3457 Hoc
2454 3394 2709 3458 certum
2738 3397 2981 3472 tenete,

873 3495 1000 3564 hoe
1065 3494 1484 3561 verissimum
1544 3513 1684 3560 esse
1735 3489 1948 3578 ,11111111
2020 3491 2281 3559 ratione
2344 3491 2648 3563 dubitate
2671 3493 2732 3577 3⁷
2790 3500 2863 3562 et
2920 3496 2981 3562 si

873 3598 1024 3684 quis
1068 3597 1258 3666 vobis
1303 3597 1376 3662 in
1420 3594 1825 3664 eontrarium
1886 3593 2363 3681 praedicaverit,
2410 3595 2615 3661 etiam
2632 3592 2661 3634 ⁸
2702 3597 2979 3683 angelus

873 3701 956 3768 de
1018 3701 1195 3780 eaelo,
1261 3697 1618 3767 anathema
1663 3698 1800 3776 lest,
1866 3702 1935 3763 et
2002 3697 2109 3774 sit,
2178 3701 2250 3762 et
2311 3697 2458 3776 erit,
2522 3699 2843 3786 quamdiu
2904 3699 2978 3766 in

871 3803 997 3872 hae
1040 3801 1373 3870 sententia
1439 3796 1979 3888 perseveraverit.
2070 3797 2309 3866 Videte
2354 3819 2525 3886 erge,
2573 3799 2839 3868 domine
2883 3801 2978 3866 mi

871 3905 1222 3985 carissime,
1266 3903 1592 3992 quomodo
1651 3903 1726 3970 in
1787 3901 1914 3970 hae
1943 3905 2161 3988 parte
2222 3905 2419 3968 caute
2461 3901 2833 3982 ambuletis,
2893 3926 2976 3970 ne

871 4007 1168 4074 detentio
1211 4006 1306 4072 rei
1353 4005 1528 4072 male
1573 4004 1937 4090 aequisitae,
1984 4024 2134 4090 quae
2176 4023 2315 4070 non
2360 4008 2464 4070 est
2518 4003 2651 4070 nisi
2696 4005 2861 4072 einis
2906 4011 2977 4072 et

871 4109 1132 4188 vermis,
1176 4106 1480 4194 impellat
1509 4126 1630 4172 vos
1661 4104 1871 4192 (quod
1899 4105 2079 4172 absit
2104 4106 2151 4193 l)
2178 4105 2251 4172 in
2295 4105 2875 4194 impoenitentiam,
2904 4113 2975 4175 et

939 4289 957 4323 ¹
991 4298 1056 4352 et,
1078 4291 1149 4350 A,
1172 4289 1244 4348 z;
1277 4303 1380 4340 om.
1403 4287 1465 4338 L.
2040 4285 2062 4318 ⁸
2096 4287 2187 4351 qm·
2218 4303 2344 4349 eunt,
2380 4289 2483 4348 A*,
2516 4287 2583 4349 0,
2616 4289 2688 4348 z;
2727 4306 2835 4342 eum
2870 4290 2978 4356 qui,

939 4369 961 4403 ²
978 4368 1323 4436 frequentius,
1345 4365 1406 4418 L.
1972 4365 2050 4428 1⁴3
2083 4365 2187 4429 qui,
2210 4365 2257 4416 Ο
2288 4367 2371 4428 (as
2394 4365 2448 4416 iu
2470 4365 2560 4417 the
2582 4365 2849 4433 original).

935 4447 959 4482 ⁸
991 4447 1118 4500 This
1157 4445 1448 4513 paragraph
1483 4444 1528 4497 is
1564 4443 1774 4498 omitted
1819 4445 1871 4498 in
2036 4441 2061 4482 ²
2094 4442 2353 4506 dubitatis,
2408 4445 2495 4505 νς
2549 4443 2803 4509 dubitetur,
2852 4447 2975 4500 with

869 4527 938 4580 Α.
1972 4523 2238 4576 alteration
2260 4529 2315 4574 to
2328 4521 2593 4587 dubitatis.
2616 4523 2694 4585 0;
2730 4525 2974 4580 dubitati·

935 4607 956 4642 ⁴
988 4621 1121 4666 vero,
1164 4605 1236 4664 A,
1279 4603 1363 4665 03
1413 4609 1594 4664 auten,
1630 4601 1757 4654 with
1791 4601 1875 4654 vel
1970 4604 2165 4655 altered
2203 4609 2259 4654 to
2290 4601 2544 4670 dubitetis,
2575 4604 2677 4667 A*,
2710 4606 2782 4668 23
2821 4604 2973 4658 daha·-

867 4705 988 4740 vero
1008 4685 1194 4747 interl..
1219 4685 1302 4747 03
1338 4691 1519 4745 auten,
1542 4686 1604 4736 L.
1972 4687 2090 4744 tate,
2111 4683 2173 4744 L,
2200 4683 2263 4735 G.

934 4769 954 4801 ⁵
989 4765 1258 4826 dimittitur
1279 4764 1388 4820 ulca
1411 4766 1628 4832 ratione,
1649 4765 1710 4818 L.
2036 4761 2059 4794 ⁸
2092 4763 2303 4826 etiami,
2326 4760 2394 4814 L.
