3634 5800
593 878 722 930 Aa).
760 863 985 948 1172]
1464 874 1823 923 EPISTOLAE.
1889 879 1896 888 ·
2573 858 2699 920 525

595 1063 860 1142 Divin0‚
908 1085 1287 1150 responsum
1334 1068 1450 1140 est,
1496 1084 1579 1128 ne
1617 1060 1851 1126 Deitas
1900 1059 2172 1137 Christi,
2222 1061 2412 1146 cujus
2458 1081 2700 1126 nomen

592 1169 737 1229 erat
795 1163 841 1229 J
844 1164 1049 1230 udaeis
1109 1169 1179 1230 et
1221 1163 1529 1251 gentibus
1592 1160 2106 1248 praedicandum,
2152 1167 2433 1227 terrenae
2479 1167 2697 1249 potes·

592 1265 722 1331 tati
782 1266 1121 1331 videretur
1164 1264 1465 1341 obnoxia,
1520 1267 1589 1328 et
1658 1283 1800 1327 eam
1873 1263 2356 1328 emendicatam
2402 1263 2700 1329 dicerent

594 1365 909 1446 infideles,
954 1367 1085 1452 qui,
1118 1365 1329 1431 velint
1371 1363 1605 1442 nolint,
1652 1369 1982 1450 coguntur
2027 1363 2270 1429 audire.
2367 1364 2696 1443 Quoniam

597 1467 923 1534 Dominus
966 1468 1289 1554 regnavit,
1335 1467 1704 1531 irascantur
1746 1465 1996 1552 populi,
2059 1470 2128 1530 et
2173 1465 2464 1531 exsultet
2527 1471 2705 1531 terra

596 1571 669 1633 in
744 1591 877 1655 qua
954 1569 1203 1635 Christi
1292 1568 1611 1633 fundatur
1701 1567 1987 1634 ecclesia.
2117 1568 2228 1649 Sic
2305 1589 2458 1654 ergo
2531 1571 2705 1631 nutu

600 1671 851 1738 Divino
894 1671 1179 1737 arbitror
1224 1669 1534 1747 evenisse,
1594 1675 1675 1732 ut
1720 1670 2034 1754 martyris
2087 1669 2286 1754 hujus
2329 1669 2543 1756 gloria
2585 1689 2706 1734 nec

598 1772 857 1838 decreto
926 1771 1289 1860 pontificali
1314 1769 1339 1808 ¹
1415 1791 1537 1835 nec
1606 1771 1823 1836 edicto
1847 1769 1874 1808 ²
1947 1770 2266 1857 principis
2341 1769 2704 1846 attollatur,

597 1874 714 1938 sed
760 1873 1026 1940 Christo
1072 1873 1399 1959 praecipue
1416 1870 1443 1910 ³
1504 1877 1768 1937 auctore
1833 1871 2214 1950 invalescat,
2265 1873 2451 1958 cujus
2497 1871 2692 1937 hono-

596 1998 737 2040 rem
758 1974 787 2013 ⁴
829 1975 1046 2061 quoad
1098 1975 1290 2052 vixit,
1353 1973 1616 2038 studuit
1675 1973 1970 2039 dilatare.
2065 1973 2404 2040 Honorem
2452 1974 2705 2041 Christi

597 2075 857 2140 salvum
902 2074 1039 2140 fore
1108 2096 1364 2160 semper
1434 2074 1774 2158 expressit,
1843 2079 1912 2140 et
1976 2074 2286 2140 Christus
2356 2075 2417 2139 ei
2495 2075 2706 2140 vicem

598 2197 730 2242 non
776 2177 1053 2242 referet?
1140 2175 1341 2242 Absit
1385 2182 1465 2241 ut
1517 2175 1781 2260 Veritas
1843 2175 2050 2241 fallax
2100 2177 2190 2242 sit
2233 2177 2308 2240 in
2352 2177 2707 2261 promissis,

599 2279 873 2364 Legitur
916 2277 1003 2342 in·
1056 2278 1335 2342 Actibus
1399 2276 1886 2362 Apostolorum,
1953 2277 2134 2362 quod
2205 2277 2476 2364 quidam
2545 2300 2708 2343 non-

598 2381 759 2444 dum
801 2379 1125 2466 baptizati
1170 2381 1337 2445 citra
1368 2377 1833 2443 auctoritatem
1865 2378 2328 2464 Apostolorum
2382 2379 2708 2466 Spiritum

607 2483 923 2548 Sanctum
954 2486 1379 2566 acceperant:
1425 2480 1539 2545 sed
1562 2480 1870 2566 nunquid
1917 2479 2040 2545 hoc
2059 2480 2085 2518 ⁵
2130 2485 2402 2546 senatus
2447 2487 2710 2567 aposto-

601 2582 766 2647 licus
794 2582 1207 2647 infirmavit?
1298 2582 1599 2646 Profecto
1644 2582 1763 2647 ubi
1808 2581 1994 2646 Deus
2039 2589 2270 2648 auctor
2314 2588 2432 2662 est,
2463 2583 2710 2647 frustra

600 2685 896 2770 superior
941 2683 1353 2749 desideratur
1415 2683 1789 2749 auctoritas.
1886 2682 1960 2748 Si
2031 2683 2180 2768 quis
2241 2689 2465 2748 autem
2513 2684 2708 2770 hujus

601 2787 775 2851 tanti
820 2786 1132 2871 martyris
1198 2785 1475 2871 gloriam
1538 2786 1845 2852 evacuari
1919 2785 2264 2863 desiderat,
2311 2787 2708 2872 quicumque

600 2887 691 2952 sit
733 2888 859 2965 ille,
905 2891 1265 2973 antequam
1312 2886 1374 2953 ei
1433 2886 1793 2965 credamus,
1847 2893 1968 2952 aut
2013 2888 2265 2973 majora
2309 2894 2429 2954 aut
2474 2889 2705 2953 saltem

599 2990 842 3053 similia
887 2996 1237 3077 operetur;
1284 2988 1580 3075 alioquin
1611 2998 1878 3075 peccare
1913 2990 2205 3055 creditur
2249 2992 2322 3055 in
2380 2990 2705 3077 Spiritum

601 3091 939 3166 Sanctum,
986 3091 1171 3175 cujus
1220 3092 1530 3177 operibus
1578 3091 1924 3156 detrahere
1970 3112 2104 3154 non
2152 3096 2430 3155 veretur.

1925 3347 2036 3357 .-

1381 3534 1905 3601 DCCLXXVH.

760 3687 1144 3752 WILLELMO
1193 3685 1335 3753 SEN
1340 3705 1527 3753 ONEN
1532 3705 1593 3752 SI
1640 3703 2186 3753 ARCHIEPISOOPO
2233 3687 2279 3752 J
2280 3704 2468 3753 OANN
2477 3706 2551 3751 Es

1355 3790 1957 3856 SARESBERIsNSIs

1020 3942 1117 4004 (A.
1140 3946 1236 3993 358
1258 3960 1272 3999 ς
1306 3941 1360 3991 J.
1388 3868 1655 4014 Sar.,‡05;
1693 3940 1749 3991 Z.
1774 3958 1823 3990 v.
1849 3946 1946 4002 96;
1982 3942 2113 4007 Lup.
2138 3958 2188 3992 v.
2213 3944 2322 4005 91.)

695 4068 982 4135 Domino
1052 4071 1415 4137 Senonensi
1492 4070 1717 4135 miseri
1786 4070 1884 4133 illi
1951 4071 2064 4156 qui
2132 4071 2460 4158 quondam
2529 4074 2708 4138 fuere

608 4174 1134 4239 Cantuarienses.

692 4278 991 4362 Agonem
1058 4281 1374 4353 nostrum,
1423 4262 1627 4360 quem⁴
1668 4297 1817 4340 cum
1883 4281 2173 4359 martyre
2237 4275 2516 4362 glorioso
2561 4298 2707 4363 per-
2735 4293 2842 4343 The
2865 4292 3012 4344 areh-

604 4378 899 4457 tulimus,
943 4378 1262 4443 viderunt
1307 4378 1480 4443 oculi
1544 4378 1768 4453 vestri,
1815 4398 1978 4462 quos
2027 4381 2164 4441 tam
2231 4376 2464 4443 innata
2511 4400 2709 4464 quam
2735 4359 2974 4477 {3221ss
2977 4441 3029 4473 a·

2735 4492 2866 4544 tion.

674 4606 689 4637 ¹
722 4603 1061 4669 pontficalis,
1082 4603 1151 4653 V.
1772 4602 1795 4634 ³
1825 4604 2098 4667 pracipue,
2125 4602 2190 4664 Ο,
2211 4604 2281 4661 Ζ;
2309 4604 2583 4669 praecipuo,
2608 4605 2668 4654 L.

670 4682 691 4715 ²
724 4682 938 4744 decreta,
971 4682 1030 4743 Z,
1064 4680 1183 4731 with
1220 4678 1299 4731 vel
1328 4681 1490 4731 edicto
1532 4680 1607 4731 in·
1773 4680 1794 4712 ⁴
1830 4680 2074 4742 Ιιοηονεηι,
2101 4680 2165 4742 0,
2189 4682 2258 4740 V,
2279 4682 2356 4741 Z;
2388 4698 2574 4745 nomen,
2601 4681 2666 4733 L.

602 4762 714 4811 terl.
1776 4758 1797 4790 ⁵
1832 4758 1935 4820 hoc,
1957 4758 2016 4819 Ο,
2046 4760 2115 4820 Z;
2151 4758 2300 4822 quod,
2322 4758 2382 4809 L.
