3634 5800
544 1592 599 1671 Δ.
620 1594 853 1646 commis·

542 1676 655 1710 sion
677 1668 731 1711 to

542 1726 685 1776 absol
695 1744 754 1779 ve

536 1792 719 1845 Foliot.

547 2710 853 2763 Conditions

541 2778 605 2826 of
618 2784 776 2854 resto-

536 2853 720 2895 ration.

888 873 1016 934 508
1248 892 1253 899 ·
1764 884 2127 935 nmsroLAE,
2597 871 2756 956 [A.1>.
2791 869 2983 939 1172.

879 1071 1370 1157 suscipiendum
1434 1092 1571 1136 non
1638 1081 1811 1136 esset
1873 1070 2221 1147 sufficiens,
2269 1077 2339 1137 et
2401 1072 2474 1136 in
2521 1072 2634 1137 via
2696 1071 2986 1159 plurima

880 1172 1259 1239 discrimina
1316 1178 1385 1239 et
1430 1172 1727 1259 pericula
1785 1173 2228 1249 imminerent,
2279 1174 2554 1240 dilectos
2599 1174 2770 1238 filios
2829 1194 2986 1237 nos-

877 1280 1015 1339 tros
1083 1274 1505 1360 R[adulfum]
1578 1274 2113 1340 archidiaconum
2181 1296 2392 1353 suum,
2453 1280 2523 1341 et
2591 1276 2984 1361 magistrum

878 1376 1255 1455 Ricardum,
1288 1382 1356 1443 et
1386 1378 1777 1463 magistrum
1810 1377 2183 1463 Hugonem,
2213 1377 2479 1443 clericos
2509 1377 2670 1463 ejuS,
2701 1378 2788 1444 ad
2817 1396 2986 1463 pree-

878 1479 1162 1543 sentiam
1224 1483 1526 1544 nostram
1591 1478 1980 1555 transmisit,
2046 1484 2125 1543 ut
2191 1500 2310 1563 pro
2373 1500 2441 1544 se
2503 1500 2724 1545 coram
2790 1478 2986 1544 nobis

877 1581 1340 1666 purgationem
1400 1585 1815 1667 praestarent.
1953 1580 2096 1646 Nos
2155 1588 2380 1647 autem
2445 1603 2596 1648 cum
2661 1581 2985 1647 fratribus

878 1682 1137 1757 nostriS,
1170 1687 1397 1746 utrum
1428 1682 1608 1767 apud
1652 1702 1772 1746 nos
1803 1681 1984 1745 illius
2031 1682 2341 1768 purgatio
2375 1687 2548 1747 esset
2589 1681 2984 1767 recipienda,

877 1783 1236 1850 studiosius
1282 1784 1736 1861 deliberantes„
1784 1785 2050 1850 tandem
2120 1785 2530 1850 decrevimus
2576 1785 2767 1850 vobis
2827 1806 2985 1870 pur-

876 1886 1210 1972 gationem
1277 1887 1489 1972 ipsam
1544 1886 2031 1971 suscipiendam
2095 1887 2528 1962 committere,
2592 1888 2749 1972 quia
2793 1886 2984 1952 vobis

876 1993 947 2053 et
990 1988 1203 2053 eidem
1268 1988 1569 2073 episcopo
1630 1988 1844 2073 magis
1896 1987 2248 2053 honestum
2310 1994 2379 2053 et
2440 1989 2798 2075 expediens
2841 2010 2984 2053 esse

876 2091 1320 2177 cognovimus,
1364 2095 1445 2154 ut
1489 2091 1562 2154 in
1610 2090 1750 2155 loco
1796 2090 1916 2155 ubi
1959 2090 2248 2176 amplius
2293 2090 2570 2156 infamia
2615 2091 2985 2169 crebrescit,

876 2192 1021 2277 ejus
1064 2192 1377 2277 purgatio
1426 2192 1850 2277 reciperetur,
1897 2197 1966 2257 et
2011 2212 2200 2257 suam
2266 2192 2611 2278 episcopus
2675 2193 2988 2259 innocen-

876 2294 1042 2359 tiam
1091 2292 1589 2359 demonstraret.
1682 2293 2124 2379 Quapropter,
2170 2293 2250 2357 de
2296 2299 2522 2359 vestra
2550 2294 2870 2382 religione
2913 2299 2986 2359 et

876 2396 1233 2481 prudentia
1278 2401 1347 2461 et
1391 2395 1737 2461 honestate
1784 2395 2046 2480 plenius
2091 2395 2512 2473 confidentes,
2574 2396 2984 2461 fraternitati

876 2504 1111 2563 vestrae
1176 2520 1291 2585 per
1335 2496 1697 2585 apostolica
1742 2496 1992 2584 scripta
2053 2497 2464 2577 mandamus,
2519 2502 2848 2582 quatenus
2909 2498 2982 2561 in

876 2599 1158 2666 confinio
1202 2599 1377 2685 regis
1436 2597 1844 2664 Francorum
1905 2605 1974 2664 et
2020 2600 2195 2685 regis
2241 2599 2521 2685 Angliae,
2566 2599 2641 2663 in
2685 2598 2985 2665 Marchia

878 2700 1207 2778 videlicet,
1274 2701 1475 2767 citius
1567 2704 1719 2787 post
1794 2699 2173 2765 litterarum
2267 2705 2645 2791 nostrarum
2721 2722 2982 2787 suscep-

880 2806 1130 2869 tionem
1152 2802 1177 2840 ¹
1230 2824 1427 2889 quam
1473 2801 1800 2888 poteritis,
1833 2802 1904 2865 in
1949 2822 2159 2866 unum
2221 2801 2472 2887 pariter
2516 2802 2984 2868 convenientes

880 2907 1273 2993 praedictum
1326 2905 1702 2990 episcopum
1748 2905 2124 2970 convocetis
2187 2909 2346 2970 ante
2393 2927 2531 2983 vos,
2576 2910 2646 2970 et
2711 2904 2984 2971 adscitis
3049 2939 3056 2948 ·

878 3009 1042 3074 viris
1110 3007 1432 3093 religiosis
1498 3011 1567 3071 et
1644 3006 1962 3084 discretis,
2033 3007 2089 3070 si
2160 3007 2336 3071 idem
2411 3008 2754 3094 episcopus
2829 3029 2984 3074 cum

879 3115 1070 3176 sexta
1115 3129 1317 3175 manu
1363 3107 1823 3193 religiosorum
1884 3106 2198 3172 abbatum
2268 3113 2336 3172 et
2393 3107 2709 3194 priorum,
2755 3129 2981 3174 mona-

878 3211 1151 3278 chorum
1216 3216 1285 3276 et
1346 3209 1811 3276 canonicorum
1879 3209 2284 3294 regularium
2347 3209 2645 3295 probatae
2690 3211 2853 3276 vitae
2913 3215 2984 3275 et

878 3312 1417 3388 conversationis,
1461 3316 1582 3376 aut
1643 3310 2115 3376 monachorum
2157 3318 2324 3396 'quos
2383 3333 2605 3377 secum
2663 3312 2869 3377 habet
2908 3318 2986 3380 ,et

878 3417 1343 3483 canonicorum
1420 3413 1709 3478 ecclesiae
1782 3434 1942 3492 suae,
2021 3414 2136 3498 qui
2223 3413 2362 3478 sint
2434 3413 2713 3500 integrae
2787 3413 2986 3480 famae

878 3524 943 3585 et
991 3517 1339 3605 opinionis,
1390 3522 1461 3582 et
1528 3516 1611 3580 de
1657 3515 1899 3601 quibus
1967 3515 2326 3580 verisimile
2393 3515 2485 3580 sit
2505 3513 2530 3553 ²
2604 3516 2780 3601 quod
2845 3537 2985 3582 non

878 3621 1094 3686 velint
1157 3619 1466 3704 pejerare,
1531 3637 1751 3682 coram
1821 3617 2058 3702 positis
2127 3617 2558 3682 sacrosanctis
2604 3617 2986 3704 evangeliis,

869 3719 1216 3807 juraverit,
1266 3718 1442 3802 quod
1488 3738 1609 3783 nec
1652 3718 1917 3803 script0,
1949 3739 2070 3784 nec
2115 3718 2334 3796 verbo,
2382 3717 2492 3782 vel
2510 3713 2518 3726 ’
2536 3718 2728 3799 factO,
2761 3740 2985 3804 regem

878 3823 1163 3888 scienter
1208 3821 1685 3908 provocaverit,
1718 3825 1990 3905 propter
2037 3820 2213 3905 quod
2257 3820 2774 3904 praenominatus
2808 3819 2984 3886 Can-

878 3925 1235 3990 tuariensis
1280 3922 1529 3988 occisus
1574 3921 1794 3997 fuerit,
1841 3921 1950 3986 vel
1998 3921 2200 3986 etiam
2263 3921 2334 3985 in
2381 3943 2646 4007 corpore
2711 3943 2983 4008 poenam

878 4023 1274 4114 pertulerit,3
1317 4025 1396 4101 ei,
1443 4028 1672 4088 nostra
1714 4023 1871 4088 freti
1917 4025 2331 4102 auctoritate,
2379 4023 2573 4088 officii
2620 4025 2723 4090 sui
2768 4025 2981 4110 pleni-

876 4131 1197 4206 tudinem,
1244 4128 1490 4212 absque
1555 4125 1884 4211 opinionis
1948 4131 2018 4190 et
2079 4125 2272 4191 famae
2335 4147 2472 4191 suae
2519 4125 2980 4208 diminutione,

877 4233 1343 4299 incunctanter
1389 4227 1777 4292 restituatis
1905 4225 2080 4294 Sane
2126 4228 2182 4291 si
2227 4227 2334 4292 his
2381 4229 2816 4313 exsequendis
2859 4229 2984 4294 ali-

879 4355 1011 4421 quo
1044 4331 1341 4399 evidenti
1386 4337 1457 4396 et
1501 4329 1864 4395 necessario
1909 4329 2382 4414 impedimento
2429 4329 2742 4396 interesse
2786 4331 2982 4398 ambo

878 4457 1015 4502 non
1059 4433 1383 4521 poteritis,
1431 4431 1603 4498 alter
1646 4435 1962 4509 vestrum,
2009 4452 2159 4497 cum
2205 4430 2526 4516 religiosis
2570 4435 2640 4496 et
2686 4432 2985 4498 discretis

948 4712 965 4744 ¹
1004 4709 1371 4775 inspectionem,
1396 4707 1460 4759 G.
2053 4703 2075 4736 ⁸
2103 4704 2389 4771 protulerit,
2413 4705 2476 4756 G.

945 4791 967 4826 ²
1000 4796 1091 4850 est,
1116 4791 1181 4839 D.
