3634 5800
907 857 1038 920 302
1787 871 2152 921 uns-rom.
2640 855 2799 940 [Am.
2836 854 3033 924 1170·

905 1058 1039 1123 nici
1113 1059 1330 1144 gregis
1373 1058 1632 1134 arietes,
1693 1079 1762 1123 se
1832 1063 2189 1143 opponant,
2258 1059 2315 1122 si
2380 1079 2579 1143 super
2644 1058 3023 1124 coronando

905 1161 1082 1246 regis
1155 1159 1310 1235 filio,
1399 1165 1626 1224 nostra
1703 1160 2105 1226 auctoritate
2180 1159 2457 1237 seclusa,
2520 1161 3024 1226 conveniantur.

905 1261 1202 1346 Angelus
1263 1263 1488 1346 magni
1531 1261 1790 1326 consilii
1854 1267 1927 1327 et
1968 1267 2197 1346 nostra
2256 1261 2633 1330 benedictio
2678 1261 3019 1330 vobiscum

918 1364 1026 1438 sit,
1069 1362 1168 1427 fili
1213 1363 1303 1426 mi
1348 1361 1694 1430 carissime.

1585 1621 1667 1628 --

1772 1813 2139 1882 DCLXXI.

1015 1969 1334 2033 Jomurs
1379 1966 1967 2032 summamus&
2010 1982 2108 2030 An
2152 1982 2586 2032 convert-rm(
2632 1967 2913 2034 Curru-

1755 2084 2131 2132 immissu.

1285 2221 1376 2282 (Ο.
1403 2223 1526 2280 1973
1563 2220 1619 2270 Z.
1645 2219 1710 2269 iv.
1737 2225 1792 2268 ⁴1
1820 2241 1835 2278 ς
1870 2219 2005 2282 an.
2030 2219 2097 2268 iv.
2122 2223 2222 2278 363
2256 2219 2349 2271 JO.
2370 2221 2480 2268 Sar.
2506 2223 2651 2283 296.)

995 2352 1454 2418 Dilectissimis
1522 2350 1840 2416 fratribus
1901 2357 1972 2415 et
2032 2351 2261 2416 amicis
2326 2349 2696 2429 carissimi&
2762 2352 2879 2436 qui
2947 2353 3021 2417 in

903 2459 1134 2520 sancta
1179 2453 1636 2520 Cantuariensi
1681 2452 1954 2518 ecclesia
2014 2453 2395 2538 congregati
2456 2457 2633 2530 sunt,
2702 2459 2773 2518 et
2840 2455 3019 2539 piam

903 2557 1176 2642 sapiunt
1237 2555 1586 2630 unitatem,
1649 2555 2169 2640 proscriptorum
2236 2554 2554 2618 minimus
2598 2555 2645 2619 J
2646 2576 2892 2620 oannes
2936 2557 3021 2621 de

905 2658 1280 2724 Saresberia
1323 2678 1579 2743 semper
1623 2677 1844 2721 coram
1888 2655 2059 2721 facie
2105 2677 2227 2720 sua
2272 2655 2557 2722 feliciter
2598 2657 2956 2724 ambulare.

569 2787 802 2839 Indiffer-
997 2761 1286 2845 AEquum
1351 2763 1470 2834 est,
1543 2754 1997 2833 dilectissimi,¹
2044 2757 2128 2821 de
2190 2758 2431 2822 vestris
2502 2758 2793 2844 gaudere
2868 2781 3018 2846 pro-

567 2854 876 2971 ffsnszfisshe
901 2862 1200 2940 lectibus,
1247 2861 1510 2927 anxiari
1570 2859 1893 2947 periculis,
1943 2860 2203 2927 damnis
2250 2866 2321 2927 et
2382 2861 2649 2947 injuriis
2710 2863 3021 2949 compati,

567 2988 658 3037 tho
681 2988 826 3037 areh-
904 2972 988 3043 et,
1064 2969 1388 3050 quantum
1460 2962 1839 3029 Christiano
1914 2962 2087 3040 licet,
2150 2964 2207 3027 si
2283 2962 2453 3029 forte
2518 2964 2727 3049 (quod
2808 2965 3015 3048 absit)

567 3052 789 3167 {1³3⁸sz
902 3068 1246 3131 immineat
1289 3065 1658 3131 exanimari
1704 3064 1981 3130 defectu.
2078 3064 2331 3151 Lugere
2392 3065 2720 3151 siquidem
2780 3087 3016 3153 parum

720 3156 733 3168 ⁶
903 3174 1018 3247 est,
1066 3168 1240 3255 quod
1289 3168 1491 3232 etiam
1559 3166 1632 3230 in
1695 3165 1985 3231 hostium
2032 3186 2263 3231 occasu
2321 3166 2543 3251 justos
2612 3167 2723 3252 pie
2786 3166 3017 3233 fecisse

901 3270 1264 3349 recolimus,
1295 3290 1445 3335 cum
1491 3268 1787 3334 caritatis
1833 3268 2050 3331 virtus
2098 3268 2430 3333 exstincta
2460 3267 2753 3353 Spiritus
2800 3270 3013 3335 sancti

900 3378 1303 3459 protestetur
1349 3390 1663 3436 occasum.
1760 3367 1971 3453 Cujus
2016 3367 2217 3432 funus
2240 3366 2267 3407 ²
2326 3389 2461 3433 non
2480 3365 2507 3406 ³
2548 3373 2653 3434 est
2714 3370 3017 3455 perfunc-

898 3474 1086 3541 toriis
1163 3472 1491 3559 lacrymis,
1556 3491 1692 3535 non
1766 3475 1871 3534 est
1935 3469 2191 3555 gemitu
2254 3474 2377 3533 aut
2438 3468 2662 3535 dolore
2724 3492 3016 3537 momen-

899 3582 1095 3642 taneo
1157 3571 1682 3661 prosequendum
1708 3570 1772 3646 3⁴
1836 3570 1952 3635 sed
2021 3570 2183 3645 vita,
2230 3591 2349 3656 per
2415 3571 2885 3657 poenitentiam
2947 3576 3017 3637 et

899 3679 1185 3743 fructum
1255 3674 1578 3739 bonorum
1625 3694 1917 3757 operum,
1967 3672 2331 3736 instantius
2394 3672 2780 3757 reparanda.
2872 3672 3017 3738 Nec

899 3783 1165 3843 moveat
1209 3776 1266 3840 si
1315 3774 1641 3858 Spiritum
1705 3778 2027 3849 sanctum,
2074 3773 2188 3857 qui
2250 3772 2689 3859 proculdubio
2748 3774 3015 3839 immor-

899 3880 1054 3946 talis
1101 3883 1202 3943 est
1248 3883 1318 3941 et
1363 3875 1562 3939 beata
1606 3874 1746 3939 vita
1802 3874 2159 3957 justorum,
2206 3874 2463 3939 dictum
2510 3879 2613 3939 est
2658 3876 2729 3938 in
2775 3875 3015 3961 aliqui-

899 3980 1024 4044 bus
1069 3977 1356 4054 interire,
1403 3996 1552 4041 cum
1624 3974 1907 4039 Paulum
1975 3974 2324 4040 audieritis
2369 3974 2743 4041 dicentem:
2804 3984 2837 4013 ‘⁸
2864 3976 3013 4061 Spi-

901 4090 937 4118 “
981 4080 1187 4144 ritum
1232 4077 1440 4142 nolite
1487 4076 1927 4160 exstinguere,
1970 4073 2355 4160 prophetias
2400 4076 2610 4141 nolite
2656 4078 3015 4163 spernere.''

910 4183 1000 4247 Et
1045 4180 1303 4245 utinam
1347 4176 1696 4244 efficaciter
1726 4174 1752 4213 ⁵
1793 4176 2151 4241 audissetis
2196 4176 2391 4261 quod,
2439 4182 2519 4243 ut
2558 4178 2823 4265 sapiens
2883 4201 3017 4246 me·

961 4440 978 4473 ¹
1015 4455 1108 4501 me,
1132 4440 1212 4498 113
1245 4453 1347 4489 om.
1375 4438 1434 4497 Z,
1459 4436 1525 4487 G.
2006 4432 2066 4483 of
2082 4432 2171 4483 the
2198 4433 2413 4485 νήθει-ὀ
2446 4432 2645 4498 epistle,
2678 4452 2735 4486 as
2770 4436 3015 4501 specially

960 4520 982 4553 2
1001 4520 1196 4584 summ,
1219 4516 1288 4567 v,
2006 4512 2267 4573 collected,
2291 4512 2445 4563 while
2470 4514 2559 4564 the
2581 4514 2729 4564 other
2760 4514 2805 4565 is
2826 4516 2939 4566 that
2962 4517 3024 4567 of

960 4599 982 4633 ³
1019 4598 1090 4649 So
1129 4596 1211 4655 ῦς
1258 4594 1618 4661 perfundor-iio
1663 4591 1906 4656 lacrymis
2004 4592 2094 4642 the
2115 4597 2146 4621 “
2166 4592 2301 4656 Epp.
2328 4593 2385 4645 S.
2408 4592 2673 4643 Thomae.”

893 4693 990 4727 non
1027 4682 1216 4725 estant
1251 4674 1440 4734 dolore,
1464 4672 1529 4733 0,
1564 4672 1622 4733 Z,
1659 4672 1722 4721 L.
1788 4670 1904 4720 The
2072 4672 2095 4703 ⁴
2121 4670 2533 4735 persequendum,
2556 4672 2624 4723 G.

892 4755 1103 4821 reading
1129 4754 1180 4803 iu
1203 4754 1290 4805 the
1312 4760 1421 4803 text
1443 4752 1486 4801 is
1517 4750 1764 4814 probably
1789 4748 1903 4799 that
2068 4750 2089 4783 ⁵
2122 4750 2407 4815 efficaciter,
2428 4750 2484 4811 Ζ,
2500 4751 2547 4801 L
2569 4771 2583 4811 ς
2620 4750 2913 4817 efficialiter,
2934 4752 3005 4803 G-
