3634 5800
682 2135 743 2185 ry
764 2138 790 2171 s

559 2186 860 2321 ξξὴζζὲξζὲ
898 2217 1156 2303 magnis
1220 2215 1505 2282 ecclesias
1567 2214 1882 2302 regnique
1942 2216 2227 2303 negotiis
2289 2218 2637 2283 tractaturi
2697 2218 2988 2283 credere-

557 2318 617 2369 οἳ
637 2317 725 2369 the

556 2386 773 2439 murder.

912 832 1044 896 438
1808 849 2167 901 nnsrom.
2619 839 2783 922 [an.
2811 836 3008 906 1171-

1656 1169 2226 1239 DOOXXXVIII.

899 1319 1345 1387 ALEXANDRO
1407 1337 1605 1387 PAPAE:
1659 1323 2042 1390 Ennomus
2103 1324 2578 1391 Lsxovnmsrs
2633 1340 3002 1391 Emscorus

1378 1439 1544 1488 Pos'r
1588 1441 1881 1489 MORTEM
1928 1426 2190 1491 Simon
2235 1427 2525 1493 Tuom.

1362 1576 1525 1637 (Arn.
1548 1578 1645 1638 553
1679 1574 1739 1627 C.
1767 1579 1896 1636 1863
1929 1576 1986 1627 Ζ.
2009 1592 2061 1627 v·
2085 1580 2181 1639 833
2215 1578 2348 1641 Lup.
2371 1568 2430 1628 νζ
2447 1578 2556 1639 79.)

994 1701 1348 1771 Carissimo
1371 1702 1396 1741 ¹
1463 1704 1730 1770 domino
1793 1710 1865 1770 et
1924 1705 2100 1791 patri
2161 1705 2558 1784 Alexandm,
2602 1705 2728 1771 Dei
2779 1708 3000 1793 gratia

902 1806 1239 1873 catholicae
1288 1806 1575 1873 eeclesiae
1642 1828 1898 1873 summo
1947 1807 2262 1893 pontifici,
2307 1808 2630 1873 Arnulfus
2646 1806 2672 1846 ²
2713 1809 2994 1875 Lexovi-

904 1910 1079 1975 ensis
1146 1909 1431 1977 ecclesiae
1493 1909 1766 1974 humilis
1831 1909 2151 1987 minister,
2214 1910 2496 1976 salutem
2563 1917 2634 1977 et
2699 1913 2993 1979 debitam

900 2034 1053 2078 cum
1095 2012 1276 2077 omni
1322 2011 1672 2076 devotione
1716 2011 2174 2077 obedientiam.

990 2114 1179 2192 Cum,
1226 2113 1406 2199 apud
1472 2134 1693 2199 regem
1717 2110 1744 2150 ³
1787 2118 2090 2179 nostrum
2150 2114 2402 2200 pariter
2459 2115 2855 2201 congregati,
2907 2115 2990 2179 de

897 2338 1063 2394 mur,
1092 2317 1355 2382 subitus
1398 2337 1517 2381 nos
1548 2315 1631 2381 de
1662 2316 1931 2382 domino
1961 2316 2428 2383 cantuariensi
2471 2338 2694 2383 rumor
2738 2318 2987 2383 lamen·

893 2418 1086 2484 tabili
1130 2438 1411 2483 moerore
1454 2416 1767 2502 perfudit,
1814 2418 1980 2483 adeo
2024 2423 2104 2483 ut
2146 2418 2221 2482 in
2280 2406 2611 2483 momento
2669 2421 2986 2485 securitas

895 2520 970 2584 in
1020 2524 1374 2605 stuporem,
1417 2522 1487 2583 et
1532 2516 2046 2584 consultationes
2106 2518 2179 2581 in
2212 2518 2510 2603 suspiria
2553 2524 2985 2587 verterentur.

893 2619 1019 2685 Per
1076 2619 1333 2705 aliquos
1396 2616 1577 2683 enim
1636 2619 1725 2683 ab
1767 2617 2006 2704 Anglis
2025 2616 2054 2655 4
2113 2623 2518 2683 revertentes
2573 2625 2757 2687 certa
2817 2620 2982 2687 rela-

892 2722 1075 2787 tione
1122 2720 1491 2797 didicimus,
1536 2720 1715 2805 quod
1759 2719 2032 2805 quidam
2077 2719 2328 2783 inimici
2374 2720 2430 2805 ej
2439 2740 2532 2797 us,
2580 2721 2824 2787 crebris
2871 2722 2982 2805 (ut

889 2823 1194 2908 aiebant)
1239 2821 1854 2888 exacerbationibus
1897 2821 1984 2886 ad
2045 2820 2450 2887 iracundiam
2512 2828 2582 2887 et
2623 2823 2982 2888 amentiam

888 2928 1249 3014 provocati,
1295 2931 1542 2992 temere
1586 2925 1659 2989 in
1718 2946 1872 2990 eum
1933 2925 2301 3011 irruptione
2347 2925 2540 3002 facta,
2587 2927 2792 3012 (quod
2839 2929 2980 2993 sine

890 3029 1111 3095 dolore
1137 3029 1353 3094 dicere
1386 3047 1523 3092 non
1550 3045 1897 3112 possumus
1939 3046 2063 3092 nec
2090 3025 2433 3109 debemus)
2462 3047 2806 3112 personam
2839 3028 2980 3115 ejus

888 3130 1161 3218 aggredi
1217 3135 1287 3195 et
1330 3127 1661 3194 trucidare
1707 3125 2061 3192 crudeliter
2109 3127 2556 3212 perstiterunt.
2651 3127 2762 3190 Ad
2806 3129 2980 3215 regis

891 3233 1176 3318 denique
1204 3230 1518 3297 notitiam
1549 3249 1771 3293 rumor
1801 3227 2154 3304 infaustus,
2183 3227 2574 3312 quibusdam
2596 3228 2978 3314 perferenti-

884 3335 1026 3412 bus,
1058 3332 1476 3421 penetravit3
1520 3331 1834 3415 quoniam
1863 3330 1928 3394 ei
1958 3349 2093 3394 non
2121 3328 2312 3394 licuit
2342 3328 2640 3415 ignorare
2685 3331 2862 3415 quod
2890 3333 2979 3397 ad

895 3437 1039 3523 ejus
1068 3436 1452 3512 vindictam,
1489 3433 1641 3518 jure
1685 3431 2037 3517 potestatis
2066 3435 2136 3496 et
2164 3429 2384 3516 gladii,
2431 3431 2786 3497 videbatur
2829 3455 2977 3520 spe-

880 3539 1116 3604 cialius
1144 3537 1489 3624 pertinere.
1556 3533 1686 3614 Qui
1716 3532 1966 3608 statim,
1997 3531 2070 3596 in
2099 3531 2328 3616 primis
2362 3531 2632 3596 nefandi
2662 3535 2977 3601 sermonis

876 3641 1109 3717 initiis,
1138 3639 1225 3704 ad
1256 3638 1479 3703 omnia
1520 3634 2070 3701 lamentationum
2116 3636 2186 3698 et
2212 3633 2705 3699 miserationum
2735 3656 2976 3722 genera

878 3761 1251 3817 conversus,
1294 3738 1543 3824 regiam
1588 3757 1853 3822 prorsus
1897 3733 2026 3820 maj
2034 3739 2326 3812 estatem,
2360 3733 2550 3819 quasi
2594 3734 2805 3801 cilicio
2849 3738 2973 3802 im-

879 3849 1148 3908 mutans
1192 3845 1263 3907 et
1306 3841 1540 3918 cinere,
1570 3838 1785 3904 multo
1827 3836 2065 3901 fortius
2106 3835 2392 3902 amicum
2437 3835 2744 3902 exhibuit
2771 3860 2972 3923 quam

880 3944 1269 4030 principem,
1318 3946 1593 4026 stupens
1639 3937 1990 4014 interdum,
2037 3940 2107 4001 et
2149 3941 2300 4021 post
2343 3941 2678 4022 stuporem
2721 3938 2808 4003 ad
2859 3962 2972 4028 ge-

876 4046 1085 4109 mitus
1144 4041 1423 4108 acriores
1498 4045 1566 4104 et
1628 4037 1990 4105 acerbiores
2066 4036 2541 4101 amaritudines
2613 4037 2970 4107 revolutus.

879 4146 1119 4212 Tribus
1165 4145 1300 4209 fere
1360 4142 1593 4206 diebus
1659 4138 2004 4206 conclusus
2069 4137 2142 4201 in
2205 4136 2522 4214 cubiculo,
2565 4159 2686 4204 nec
2749 4139 2972 4206 cibum

870 4269 1104 4334 capere
1156 4266 1278 4311 nec
1322 4243 1757 4310 consolatores
1802 4239 2156 4304 admittere
2195 4239 2532 4316 sustinuit,
2564 4239 2677 4304 sed
2721 4244 2976 4308 moesti-

872 4353 973 4417 tia
1016 4347 1477 4436 perniciosiore
1499 4344 1525 4383 ⁶
1568 4341 2020 4408 voluntariam
2083 4340 2212 4406 sibi
2271 4341 2626 4426 perniciem
2685 4342 2974 4411 indicere

934 4576 953 4610 ¹
994 4575 1271 4626 Carissimo
1306 4610 1319 4625 .
1357 4608 1371 4623 .
1408 4609 1422 4623 .
1446 4569 1787 4628 obedientiam,
1806 4569 1868 4620 C.
2036 4569 2058 4600 ⁴
2094 4564 2305 4629 Anqlia,
2327 4565 2402 4626 ῦς
2438 4565 2632 4633 Anqlie,
2654 4569 2727 4631 V,
2751 4570 2817 4631 Ο,
2837 4571 2900 4624 L.

928 4655 952 4688 ²
982 4653 1264 4714 Annuus,
1287 4651 1349 4704 O.
2033 4644 2055 4676 ⁶
2080 4645 2367 4710 penitiore,
2387 4643 2448 4696 O.

931 4733 954 4768 ⁸
990 4733 1235 4783 donuinam
1253 4730 1349 4782 ins.
1372 4727 1551 4781 before
1570 4742 1750 4792 regem,
1774 4725 1837 4776 Z:
