3634 5800
618 911 756 964 Aa).
794 901 1021 987 1169]
1527 914 1884 1002 semrom-2.
2684 895 2726 962 7

620 1108 689 1166 et
734 1105 1053 1190 populum
1098 1126 1293 1169 suum
1338 1126 1381 1170 a
1449 1105 1751 1170 faucibus
1813 1102 2128 1168 Juliania
2187 1100 2448 1187 eripuit.
2541 1097 2722 1164 Deus

2751 1092 3062 1156 Cassiodor„

2749 1159 2870 1208 uist
2871 1161 2954 1209 .'l
2958 1159 3021 1208 ri-

614 1211 789 1270 certe
834 1229 919 1270 ex
980 1206 1118 1271 alto
1164 1207 1495 1294 prospicit,
1544 1207 1657 1292 qui
1706 1206 1946 1272 electos
1991 1226 2142 1269 suos
2187 1225 2386 1289 supla
2431 1202 2499 1266 id
2546 1201 2720 1286 quod
2747 1233 2876 1288 part
2901 1225 2987 1274 vii

618 1313 895 1390 possunt
958 1307 1206 1373 tentari
1275 1331 1409 1373 non
1476 1308 1788 1394 patietur,
1856 1306 1938 1370 de
2007 1305 2153 1391 ipsa
2214 1301 2580 1389 jocundum
2651 1307 2721 1366 et
2745 1297 2827 1340 ³⁶·

615 1407 972 1493 gloriosum
1016 1411 1311 1477 facturus
1371 1410 1741 1476 tentatione
1786 1411 2199 1494 proventum.

710 1509 811 1575 Ut
854 1520 1078 1576 autem
1124 1512 1635 1580 sollicitudinem
1683 1518 1869 1576 tuam
1917 1532 2000 1575 ex
2068 1509 2292 1594 aliqua
2355 1511 2541 1593 parte
2596 1505 2722 1570 mi·
2748 1501 2916 1566 nopes
2938 1501 2996 1552 ⁰1

620 1733 847 1796 pacem
895 1734 1043 1778 cum
1090 1715 1360 1781 ccclesia
1403 1715 1697 1780 facturus
1749 1714 2060 1790 creditur,
2105 1717 2337 1798 petens
2381 1716 2462 1774 ut
2506 1710 2720 1774 filium

2746 1583 2900 1632 peace
2923 1568 3006 1617 be-

510 1617 515 1622 “
621 1610 845 1697 tigem,
882 1613 1279 1692 'hi-edericus
1312 1614 1711 1680 Teutonicus
1746 1618 2095 1697 tyrannus,
2125 1610 2269 1675 Deo
2299 1607 2720 1696 propitiante,
2742 1643 2902 1684 tween
2927 1634 3014 1684 tho

2743 1715 2974 1764 emperor

622 1837 813 1879 suum
863 1823 1029 1882 natu
1098 1818 1479 1896 secundum,
1526 1839 1719 1903 quem
1776 1817 1848 1881 in
1917 1837 2135 1902 regem
2199 1814 2355 1900 eligi
2424 1813 2601 1890 fecit,
2650 1811 2721 1876 in
2744 1766 2954 1884 23ng1?

625 1915 1083 2014 imperatorem
1158 1921 1435 2006 recipiat
1498 1918 1804 1985 dominus
1879 1938 2070 2004 papa,
2139 1921 2209 1982 et
2275 1938 2318 1981 a
2383 1913 2722 1981 catholicis

625 2019 947 2108 episcopis
994 2023 1337 2110 praecipiat
1395 2021 1774 2097 consecrari,
1823 2019 2200 2107 apostolicae
2264 2019 2406 2084 sedi
2469 2018 2723 2104 paritu-

625 2141 811 2202 rum3
856 2123 1017 2187 dum
1077 2130 1303 2189 tamen
1364 2123 1749 2188 Fredericus
1795 2122 1868 2185 in
1933 2142 2210 2207 persona
2277 2141 2397 2185 sua
2464 2119 2724 2184 nullum

626 2225 1080 2308 apostolicum,
1157 2226 1287 2290 nisi
1363 2226 1546 2301 velit,
1610 2224 1897 2309 recipere
1974 2222 2420 2309 compellatur,
2485 2227 2728 2309 praeter

626 2323 897 2389 Petrum
946 2332 1015 2391 et
1058 2326 1238 2405 alios,
1286 2327 1399 2412 qui
1464 2327 1533 2390 in
1580 2326 1757 2392 caelis
1802 2331 1975 2390 sunt.
2070 2325 2159 2389 Et
2227 2325 2298 2388 in
2364 2323 2468 2388 his
2537 2323 2726 2390 facile

628 2425 986 2507 audiretur,
1033 2429 1089 2493 si
1150 2451 1286 2496 non
1346 2428 1556 2516 pactis
1622 2428 1938 2493 insereret
1999 2432 2079 2491 ut
2144 2426 2216 2490 in
2282 2425 2598 2513 gradibus
2658 2430 2729 2490 et

629 2525 1070 2614 dignitatibus
1136 2529 1274 2594 suis
1342 2534 1727 2595 remaneant
1794 2528 1909 2613 qui
1974 2532 2132 2592 sunt
2185 2549 2227 2592 a
2293 2526 2728 2596 schismaticis

630 2627 1077 2696 haeresiarchis
1122 2631 1410 2696 ordinati
1480 2634 1549 2696 et
1593 2628 1971 2696 consecrati.
2067 2627 2220 2695 Stat
2289 2629 2362 2693 in
2431 2630 2552 2694 hoc
2595 2629 2724 2696 cal-

628 2729 777 2794 culo
821 2730 903 2794 lis
947 2731 1179 2808 adhuc,
1226 2733 1341 2797 sed
1388 2738 1669 2817 utraque
1716 2753 1867 2817 pars
1899 2753 1982 2796 ex
2027 2730 2358 2816 aliquibus
2404 2731 2610 2817 signis
2656 2731 2728 2795 in
2785 2815 2790 2818 -

630 2832 915 2919 quadam
962 2834 1304 2921 petitionis
1336 2840 1522 2922 parte
1568 2833 1762 2898 alteri
1794 2855 2054 2901 cessura
2099 2855 2236 2898 esse
2281 2833 2720 2920 praesumitur.

636 2935 827 3014 Quod
871 2937 1135 3023 plenius
1201 2938 1583 3013 innotescet,
1631 2958 1799 3013 cum,
1851 2935 2055 3020 (quod
2123 2936 2195 2999 in
2257 2935 2445 3001 brevi
2513 2957 2730 3021 spera-

636 3040 792 3121 tur,)
839 3038 1026 3103 verbi
1080 3044 1536 3126 procuratores
1597 3036 1812 3124 hujus,
1863 3036 2312 3103 Cistertiensis
2373 3043 2441 3101 et
2487 3036 2732 3102 Clarae-

634 3138 959 3205 Vallensis
1004 3140 1293 3218 abbates
1327 3140 1414 3207 ab
1460 3138 1733 3207 ecclesia
1762 3140 2065 3205 Romana
2107 3136 2441 3204 redierint.
2512 3138 2734 3205 Pauca

633 3240 1023 3306 familiarius
1068 3242 1241 3308 lator
1285 3240 1714 3328 praesentium
1761 3244 2212 3327 prosequetur,
2259 3239 2448 3325 cujus
2507 3260 2732 3305 curam

640 3343 924 3429 (precor)
996 3343 1225 3410 haberi
1292 3344 1496 3409 facias
1566 3343 1771 3408 donec
1836 3340 2268 3420 convalescat,
2329 3342 2404 3407 in
2470 3365 2601 3428 quo
2664 3346 2736 3407 et

636 3442 906 3509 fratrem
954 3467 1193 3523 meum,
1240 3446 1417 3531 quod
1482 3444 1567 3510 ad
1592 3442 1615 3483 ¹
1678 3444 2074 3511 medicinam
2135 3444 2446 3530 pertinet,
2491 3443 2732 3511 sollici-

640 3551 782 3610 tum
829 3570 967 3613 esse
1013 3548 1329 3614 desidero,
1424 3547 1597 3613 Cum
1661 3546 1878 3613 relatu
1943 3546 2146 3635 digna
2209 3547 2610 3625 emerserint,
2655 3568 2735 3611 ea

636 3648 911 3714 favente
956 3648 1099 3715 Deo
1144 3650 1227 3714 ad
1290 3653 1477 3714 tuam
1541 3648 1856 3715 citissime
1924 3648 2234 3715 notitiam
2303 3650 2732 3734 perferentur.

638 3744 817 3828 Vale,
864 3756 933 3816 et
980 3761 1241 3816 tuorum
1294 3752 1668 3817 memineris
1713 3758 1870 3817 ante
1915 3752 2150 3817 Deum.

823 3900 1046 3909 -..ο-...μ

1272 3973 1451 4038 'quod
1476 3972 1563 4037 ad,
1588 3978 1675 4035 03
1714 3976 1898 4038 quoad,
1922 3978 1990 4036 V,
2017 3976 2076 4026 L.

710 4188 731 4211 ⁸
762 4180 957 4231 Valens
980 4182 1141 4247 ought
1174 4191 1225 4232 to
1262 4182 1323 4233 be
1358 4184 1537 4233 named
1573 4181 1769 4233 instead
1807 4183 1866 4232 of
1907 4182 2097 4245 Julian,
2121 4184 2236 4234 who
2261 4184 2376 4234 died
2403 4184 2574 4235 before
2599 4178 2738 4234 Basil

638 4258 845 4311 became
867 4276 899 4310 a
919 4259 1115 4325 bithop.
