<?xml version="1.0" encoding="UTF-8"?>
<!DOCTYPE html PUBLIC "-//W3C//DTD XHTML 1.0 Transitional//EN"
    "http://www.w3.org/TR/xhtml1/DTD/xhtml1-transitional.dtd">
<html xmlns="http://www.w3.org/1999/xhtml" xml:lang="en" lang="en">
 <head>
  <title>
</title>
<meta http-equiv="Content-Type" content="text/html;charset=utf-8" />
  <meta name='ocr-system' content='tesseract 3.04.00' />
  <meta name='ocr-capabilities' content='ocr_page ocr_carea ocr_par ocr_line ocrx_word'/>
</head>
<body>
  <div class='ocr_page' id='page_1' title='image "./materialsforhis00herbgoog_0123.png"; bbox 0 0 3634 5800; ppageno 0'>
   <div class='ocr_carea' id='block_1_1' title="bbox 871 881 2970 967">
    <p class='ocr_par' dir='ltr' id='par_1_1' title="bbox 871 881 2970 967">
     <span class='ocr_line' id='line_1_1' title="bbox 871 881 2970 967; baseline -0.001 -22"><span class='ocrx_word' id='word_1_1' title='bbox 871 883 958 945; x_wconf 87' lang='grc'>98</span> <span class='ocrx_word' id='word_1_2' title='bbox 1768 898 2130 951; x_wconf 73' lang='lat' dir='ltr'>EP1sroLAE,</span> <span class='ocrx_word' id='word_1_3' title='bbox 2583 884 2743 967; x_wconf 61' lang='lat' dir='ltr'>[Am.</span> <span class='ocrx_word' id='word_1_4' title='bbox 2778 881 2970 946; x_wconf 89' lang='grc'><strong>1169.</strong></span> 
     </span>
    </p>
   </div>
   <div class='ocr_carea' id='block_1_2' title="bbox 866 1082 2974 1273">
    <p class='ocr_par' dir='ltr' id='par_1_2' title="bbox 866 1082 2974 1273">
     <span class='ocr_line' id='line_1_2' title="bbox 868 1082 2970 1171; baseline -0.003 -24"><span class='ocrx_word' id='word_1_5' title='bbox 868 1083 1189 1167; x_wconf 86' lang='lat' dir='ltr'>gentium,</span> <span class='ocrx_word' id='word_1_6' title='bbox 1234 1084 1722 1170; x_wconf 89' lang='lat' dir='ltr'>provinciarum</span> <span class='ocrx_word' id='word_1_7' title='bbox 1766 1085 2087 1171; x_wconf 54' lang='lat' dir='ltr'>princeps</span> <span class='ocrx_word' id='word_1_8' title='bbox 2131 1090 2200 1149; x_wconf 92' lang='lat' dir='ltr'>et</span> <span class='ocrx_word' id='word_1_9' title='bbox 2244 1082 2578 1169; x_wconf 88' lang='lat' dir='ltr'>quondam</span> <span class='ocrx_word' id='word_1_10' title='bbox 2621 1094 2970 1145; x_wconf 88' lang='lat' dir='ltr'>numerosa</span> 
     </span>
     <span class='ocr_line' id='line_1_3' title="bbox 866 1182 2974 1273; baseline -0.003 -25"><span class='ocrx_word' id='word_1_11' title='bbox 866 1184 1154 1249; x_wconf 90' lang='lat' dir='ltr'>filiorum</span> <span class='ocrx_word' id='word_1_12' title='bbox 1228 1186 1447 1251; x_wconf 89' lang='lat' dir='ltr'>sobole</span> <span class='ocrx_word' id='word_1_13' title='bbox 1521 1190 1591 1250; x_wconf 92' lang='lat' dir='ltr'>et</span> <span class='ocrx_word' id='word_1_14' title='bbox 1664 1186 2059 1273; x_wconf 91' lang='lat' dir='ltr'>populorum</span> <span class='ocrx_word' id='word_1_15' title='bbox 2120 1184 2462 1250; x_wconf 88' lang='lat' dir='ltr'>affluentia</span> <span class='ocrx_word' id='word_1_16' title='bbox 2537 1182 2836 1271; x_wconf 73' lang='lat' dir='ltr'>gloriosa,</span> <span class='ocrx_word' id='word_1_17' title='bbox 2905 1182 2974 1243; x_wconf 91' lang='lat' dir='ltr'>et</span> 
     </span>
    </p>
   </div>
   <div class='ocr_carea' id='block_1_3' title="bbox 821 1285 2970 1373">
    <p class='ocr_par' dir='ltr' id='par_1_3' title="bbox 821 1285 2970 1373">
     <span class='ocr_line' id='line_1_4' title="bbox 821 1285 2970 1373; baseline -0.003 -23"><span class='ocrx_word' id='word_1_18' title='bbox 821 1354 824 1357; x_wconf 73' lang='grc'><strong>,</strong></span> <span class='ocrx_word' id='word_1_19' title='bbox 872 1285 1029 1369; x_wconf 89' lang='lat' dir='ltr'>(quo</span> <span class='ocrx_word' id='word_1_20' title='bbox 1074 1285 1417 1371; x_wconf 84' lang='lat' dir='ltr'>gloriosior</span> <span class='ocrx_word' id='word_1_21' title='bbox 1468 1290 1537 1349; x_wconf 88' lang='lat' dir='ltr'>et</span> <span class='ocrx_word' id='word_1_22' title='bbox 1599 1285 1924 1351; x_wconf 76' lang='lat' dir='ltr'>illustrior</span> <span class='ocrx_word' id='word_1_23' title='bbox 1987 1289 2116 1373; x_wconf 88' lang='lat' dir='ltr'>est)</span> <span class='ocrx_word' id='word_1_24' title='bbox 2167 1286 2669 1352; x_wconf 81' lang='lat' dir='ltr'>Britanniarmn</span> <span class='ocrx_word' id='word_1_25' title='bbox 2738 1287 2970 1355; x_wconf 88' lang='lat' dir='ltr'>mater,</span> 
     </span>
    </p>
   </div>
   <div class='ocr_carea' id='block_1_4' title="bbox 868 1382 2978 3001">
    <p class='ocr_par' dir='ltr' id='par_1_4' title="bbox 868 1382 2978 3001">
     <span class='ocr_line' id='line_1_5' title="bbox 868 1382 2968 1474; baseline -0.002 -24"><span class='ocrx_word' id='word_1_26' title='bbox 868 1388 1101 1451; x_wconf 83' lang='lat' dir='ltr'>nutrix</span> <span class='ocrx_word' id='word_1_27' title='bbox 1166 1392 1235 1452; x_wconf 90' lang='lat' dir='ltr'>et</span> <span class='ocrx_word' id='word_1_28' title='bbox 1293 1388 1726 1474; x_wconf 69' lang='lat' dir='ltr'>propagatrix</span> <span class='ocrx_word' id='word_1_29' title='bbox 1772 1389 1843 1451; x_wconf 90' lang='lat' dir='ltr'>in</span> <span class='ocrx_word' id='word_1_30' title='bbox 1914 1387 2198 1465; x_wconf 70' lang='lat' dir='ltr'>Christo,</span> <span class='ocrx_word' id='word_1_31' title='bbox 2241 1382 2501 1453; x_wconf 87' lang='lat' dir='ltr'>tamdiu</span> <span class='ocrx_word' id='word_1_32' title='bbox 2549 1388 2622 1450; x_wconf 92' lang='lat' dir='ltr'>in</span> <span class='ocrx_word' id='word_1_33' title='bbox 2666 1382 2968 1450; x_wconf 87' lang='lat' dir='ltr'>solitudi-</span> 
     </span>
     <span class='ocr_line' id='line_1_6' title="bbox 868 1483 2974 1573; baseline -0.002 -22"><span class='ocrx_word' id='word_1_34' title='bbox 868 1509 1022 1552; x_wconf 88' lang='lat' dir='ltr'>nem</span> <span class='ocrx_word' id='word_1_35' title='bbox 1068 1488 1503 1573; x_wconf 82' lang='lat' dir='ltr'>miseramque</span> <span class='ocrx_word' id='word_1_36' title='bbox 1549 1488 1939 1554; x_wconf 88' lang='lat' dir='ltr'>servitutem</span> <span class='ocrx_word' id='word_1_37' title='bbox 1999 1490 2267 1555; x_wconf 87' lang='lat' dir='ltr'>redacta</span> <span class='ocrx_word' id='word_1_38' title='bbox 2333 1489 2440 1565; x_wconf 91' lang='lat' dir='ltr'>sit,</span> <span class='ocrx_word' id='word_1_39' title='bbox 2486 1492 2568 1552; x_wconf 91' lang='lat' dir='ltr'>ut</span> <span class='ocrx_word' id='word_1_40' title='bbox 2610 1508 2732 1551; x_wconf 91' lang='lat' dir='ltr'>nec</span> <span class='ocrx_word' id='word_1_41' title='bbox 2774 1483 2974 1548; x_wconf 88' lang='lat' dir='ltr'>liber-</span> 
     </span>
     <span class='ocr_line' id='line_1_7' title="bbox 870 1586 2970 1677; baseline -0.003 -21"><span class='ocrx_word' id='word_1_42' title='bbox 870 1592 1032 1656; x_wconf 84' lang='lat' dir='ltr'>tatis</span> <span class='ocrx_word' id='word_1_43' title='bbox 1094 1590 1338 1656; x_wconf 86' lang='lat' dir='ltr'>audeat</span> <span class='ocrx_word' id='word_1_44' title='bbox 1403 1592 1797 1668; x_wconf 85' lang='lat' dir='ltr'>meminisse,</span> <span class='ocrx_word' id='word_1_45' title='bbox 1877 1612 1998 1657; x_wconf 88' lang='lat' dir='ltr'>nec</span> <span class='ocrx_word' id='word_1_46' title='bbox 2066 1592 2184 1677; x_wconf 91' lang='lat' dir='ltr'>(ad</span> <span class='ocrx_word' id='word_1_47' title='bbox 2248 1592 2426 1677; x_wconf 88' lang='lat' dir='ltr'>quod</span> <span class='ocrx_word' id='word_1_48' title='bbox 2491 1590 2774 1654; x_wconf 83' lang='lat' dir='ltr'>fundata</span> <span class='ocrx_word' id='word_1_49' title='bbox 2841 1586 2970 1667; x_wconf 83' lang='lat' dir='ltr'>est)</span> 
     </span>
     <span class='ocr_line' id='line_1_8' title="bbox 872 1689 2973 1779; baseline -0.002 -22"><span class='ocrx_word' id='word_1_50' title='bbox 872 1692 1183 1779; x_wconf 88' lang='lat' dir='ltr'>gentibus</span> <span class='ocrx_word' id='word_1_51' title='bbox 1247 1693 1594 1757; x_wconf 81' lang='lat' dir='ltr'>edisserere</span> <span class='ocrx_word' id='word_1_52' title='bbox 1663 1694 1872 1779; x_wconf 90' lang='lat' dir='ltr'>legem</span> <span class='ocrx_word' id='word_1_53' title='bbox 1941 1693 2211 1769; x_wconf 79' lang='lat' dir='ltr'>Christi,</span> <span class='ocrx_word' id='word_1_54' title='bbox 2257 1700 2327 1757; x_wconf 85' lang='lat' dir='ltr'>et</span> <span class='ocrx_word' id='word_1_55' title='bbox 2369 1692 2706 1779; x_wconf 80' lang='lat' dir='ltr'>publicare</span> <span class='ocrx_word' id='word_1_56' title='bbox 2774 1689 2973 1755; x_wconf 89' lang='lat' dir='ltr'>eccle-</span> 
     </span>
     <span class='ocr_line' id='line_1_9' title="bbox 874 1793 2974 1881; baseline -0.002 -23"><span class='ocrx_word' id='word_1_57' title='bbox 874 1794 1171 1859; x_wconf 84' lang='lat' dir='ltr'>siasticas</span> <span class='ocrx_word' id='word_1_58' title='bbox 1216 1795 1600 1860; x_wconf 68' lang='lat' dir='ltr'>sanctiones,</span> <span class='ocrx_word' id='word_1_59' title='bbox 1710 1794 2286 1881; x_wconf 84' lang='lat' dir='ltr'>Supervacaneum</span> <span class='ocrx_word' id='word_1_60' title='bbox 2333 1794 2461 1860; x_wconf 89' lang='lat' dir='ltr'>erit</span> <span class='ocrx_word' id='word_1_61' title='bbox 2503 1793 2763 1869; x_wconf 87' lang='lat' dir='ltr'>referre,</span> <span class='ocrx_word' id='word_1_62' title='bbox 2807 1810 2974 1877; x_wconf 85' lang='lat' dir='ltr'>prae-</span> 
     </span>
     <span class='ocr_line' id='line_1_10' title="bbox 874 1894 2974 1982; baseline -0.002 -23"><span class='ocrx_word' id='word_1_63' title='bbox 874 1896 1103 1961; x_wconf 89' lang='lat' dir='ltr'>sertim</span> <span class='ocrx_word' id='word_1_64' title='bbox 1147 1896 1337 1960; x_wconf 86' lang='lat' dir='ltr'>vobis</span> <span class='ocrx_word' id='word_1_65' title='bbox 1384 1896 1500 1981; x_wconf 92' lang='lat' dir='ltr'>qui</span> <span class='ocrx_word' id='word_1_66' title='bbox 1545 1901 1904 1982; x_wconf 85' lang='lat' dir='ltr'>praesentes</span> <span class='ocrx_word' id='word_1_67' title='bbox 1948 1896 2212 1960; x_wconf 86' lang='lat' dir='ltr'>vidistis</span> <span class='ocrx_word' id='word_1_68' title='bbox 2258 1902 2328 1961; x_wconf 90' lang='lat' dir='ltr'>et</span> <span class='ocrx_word' id='word_1_69' title='bbox 2372 1894 2670 1971; x_wconf 80' lang='lat' dir='ltr'>audistiS,</span> <span class='ocrx_word' id='word_1_70' title='bbox 2723 1896 2974 1957; x_wconf 87' lang='lat' dir='ltr'>atroces</span> 
     </span>
     <span class='ocr_line' id='line_1_11' title="bbox 874 1995 2974 2085; baseline -0.002 -24"><span class='ocrx_word' id='word_1_71' title='bbox 874 1997 1174 2083; x_wconf 63' lang='lat' dir='ltr'>injurias</span> <span class='ocrx_word' id='word_1_72' title='bbox 1218 2003 1289 2063; x_wconf 92' lang='lat' dir='ltr'>et</span> <span class='ocrx_word' id='word_1_73' title='bbox 1352 2020 1501 2085; x_wconf 85' lang='lat' dir='ltr'>quae</span> <span class='ocrx_word' id='word_1_74' title='bbox 1569 1999 1713 2064; x_wconf 90' lang='lat' dir='ltr'>sine</span> <span class='ocrx_word' id='word_1_75' title='bbox 1774 1999 2196 2064; x_wconf 88' lang='lat' dir='ltr'>miseratione</span> <span class='ocrx_word' id='word_1_76' title='bbox 2243 2004 2312 2063; x_wconf 89' lang='lat' dir='ltr'>et</span> <span class='ocrx_word' id='word_1_77' title='bbox 2355 1999 2536 2063; x_wconf 89' lang='lat' dir='ltr'>omni</span> <span class='ocrx_word' id='word_1_78' title='bbox 2602 1995 2974 2061; x_wconf 84' lang='lat' dir='ltr'>reverentia</span> 
     </span>
     <span class='ocr_line' id='line_1_12' title="bbox 871 2100 2974 2186; baseline -0.002 -22"><span class='ocrx_word' id='word_1_79' title='bbox 871 2100 1041 2184; x_wconf 88' lang='lat' dir='ltr'>juris</span> <span class='ocrx_word' id='word_1_80' title='bbox 1116 2101 1433 2165; x_wconf 85' lang='lat' dir='ltr'>adversus</span> <span class='ocrx_word' id='word_1_81' title='bbox 1500 2100 1717 2165; x_wconf 90' lang='lat' dir='ltr'>Deum</span> <span class='ocrx_word' id='word_1_82' title='bbox 1764 2106 1833 2165; x_wconf 86' lang='lat' dir='ltr'>et</span> <span class='ocrx_word' id='word_1_83' title='bbox 1907 2101 2244 2169; x_wconf 89' lang='lat' dir='ltr'>ecclesiam</span> <span class='ocrx_word' id='word_1_84' title='bbox 2321 2103 2726 2186; x_wconf 87' lang='lat' dir='ltr'>praesumpta</span> <span class='ocrx_word' id='word_1_85' title='bbox 2799 2101 2974 2161; x_wconf 91' lang='lat' dir='ltr'>sunt.</span> 
     </span>
     <span class='ocr_line' id='line_1_13' title="bbox 876 2200 2978 2289; baseline -0.002 -22"><span class='ocrx_word' id='word_1_86' title='bbox 876 2203 1280 2289; x_wconf 83' lang='lat' dir='ltr'>Sperabatur</span> <span class='ocrx_word' id='word_1_87' title='bbox 1354 2204 1532 2289; x_wconf 88' lang='lat' dir='ltr'>quod</span> <span class='ocrx_word' id='word_1_88' title='bbox 1622 2208 1852 2269; x_wconf 85' lang='lat' dir='ltr'>nostra</span> <span class='ocrx_word' id='word_1_89' title='bbox 1937 2204 2278 2269; x_wconf 88' lang='lat' dir='ltr'>dominum</span> <span class='ocrx_word' id='word_1_90' title='bbox 2357 2224 2576 2289; x_wconf 91' lang='lat' dir='ltr'>regem</span> <span class='ocrx_word' id='word_1_91' title='bbox 2651 2200 2978 2287; x_wconf 86' lang='lat' dir='ltr'>patientia</span> 
     </span>
     <span class='ocr_line' id='line_1_14' title="bbox 875 2302 2976 2390; baseline -0.002 -21"><span class='ocrx_word' id='word_1_92' title='bbox 875 2310 1111 2390; x_wconf 59' lang='lat' dir='ltr'>posset„</span> <span class='ocrx_word' id='word_1_93' title='bbox 1168 2306 1256 2369; x_wconf 89' lang='lat' dir='ltr'>ad</span> <span class='ocrx_word' id='word_1_94' title='bbox 1331 2306 1797 2390; x_wconf 84' lang='lat' dir='ltr'>poenitentiam</span> <span class='ocrx_word' id='word_1_95' title='bbox 1874 2326 2278 2389; x_wconf 86' lang='lat' dir='ltr'>provocare3</span> <span class='ocrx_word' id='word_1_96' title='bbox 2360 2303 2475 2369; x_wconf 87' lang='lat' dir='ltr'>sed</span> <span class='ocrx_word' id='word_1_97' title='bbox 2554 2302 2759 2388; x_wconf 87' lang='lat' dir='ltr'>(quod</span> <span class='ocrx_word' id='word_1_98' title='bbox 2833 2302 2976 2365; x_wconf 90' lang='lat' dir='ltr'>sine</span> 
     </span>
     <span class='ocr_line' id='line_1_15' title="bbox 874 2402 2974 2493; baseline -0.001 -23"><span class='ocrx_word' id='word_1_99' title='bbox 874 2407 1183 2492; x_wconf 80' lang='lat' dir='ltr'>lacrymis</span> <span class='ocrx_word' id='word_1_100' title='bbox 1231 2407 1583 2473; x_wconf 80' lang='lat' dir='ltr'>enunciare</span> <span class='ocrx_word' id='word_1_101' title='bbox 1650 2428 1785 2471; x_wconf 90' lang='lat' dir='ltr'>non</span> <span class='ocrx_word' id='word_1_102' title='bbox 1852 2407 2226 2493; x_wconf 89' lang='lat' dir='ltr'>possumus)</span> <span class='ocrx_word' id='word_1_103' title='bbox 2273 2405 2655 2471; x_wconf 73' lang='lat' dir='ltr'>immanitas</span> <span class='ocrx_word' id='word_1_104' title='bbox 2700 2405 2843 2490; x_wconf 87' lang='lat' dir='ltr'>ejus</span> <span class='ocrx_word' id='word_1_105' title='bbox 2888 2402 2974 2467; x_wconf 86' lang='lat' dir='ltr'>ab</span> 
     </span>
     <span class='ocr_line' id='line_1_16' title="bbox 877 2506 2976 2595; baseline -0.003 -23"><span class='ocrx_word' id='word_1_106' title='bbox 877 2508 1277 2595; x_wconf 72' lang='lat' dir='ltr'>impunitate</span> <span class='ocrx_word' id='word_1_107' title='bbox 1322 2531 1578 2594; x_wconf 91' lang='lat' dir='ltr'>semper</span> <span class='ocrx_word' id='word_1_108' title='bbox 1606 2508 1917 2584; x_wconf 85' lang='lat' dir='ltr'>ascendit,</span> <span class='ocrx_word' id='word_1_109' title='bbox 1952 2515 2021 2573; x_wconf 88' lang='lat' dir='ltr'>et</span> <span class='ocrx_word' id='word_1_110' title='bbox 2065 2529 2149 2573; x_wconf 85' lang='lat' dir='ltr'>ex</span> <span class='ocrx_word' id='word_1_111' title='bbox 2195 2508 2719 2573; x_wconf 83' lang='lat' dir='ltr'>dissimulatione</span> <span class='ocrx_word' id='word_1_112' title='bbox 2764 2506 2976 2571; x_wconf 85' lang='lat' dir='ltr'>factus</span> 
     </span>
     <span class='ocr_line' id='line_1_17' title="bbox 878 2608 2978 2695; baseline -0.001 -22"><span class='ocrx_word' id='word_1_113' title='bbox 878 2615 980 2675; x_wconf 85' lang='lat' dir='ltr'>est</span> <span class='ocrx_word' id='word_1_114' title='bbox 1047 2610 1487 2676; x_wconf 83' lang='lat' dir='ltr'>inhumanior.</span> <span class='ocrx_word' id='word_1_115' title='bbox 1580 2610 1918 2674; x_wconf 87' lang='lat' dir='ltr'>Timemus</span> <span class='ocrx_word' id='word_1_116' title='bbox 1987 2630 2140 2695; x_wconf 91' lang='lat' dir='ltr'>ergo</span> <span class='ocrx_word' id='word_1_117' title='bbox 2206 2632 2290 2674; x_wconf 91' lang='lat' dir='ltr'>ne</span> <span class='ocrx_word' id='word_1_118' title='bbox 2359 2611 2631 2695; x_wconf 88' lang='lat' dir='ltr'>sanguis</span> <span class='ocrx_word' id='word_1_119' title='bbox 2699 2608 2859 2694; x_wconf 86' lang='lat' dir='ltr'>ejus,</span> <span class='ocrx_word' id='word_1_120' title='bbox 2907 2611 2978 2671; x_wconf 88' lang='lat' dir='ltr'>et</span> 
     </span>
     <span class='ocr_line' id='line_1_18' title="bbox 869 2710 2976 2796; baseline -0.001 -20"><span class='ocrx_word' id='word_1_121' title='bbox 869 2710 1010 2796; x_wconf 87' lang='lat' dir='ltr'>jam</span> <span class='ocrx_word' id='word_1_122' title='bbox 1057 2712 1191 2777; x_wconf 87' lang='lat' dir='ltr'>fere</span> <span class='ocrx_word' id='word_1_123' title='bbox 1255 2712 1623 2778; x_wconf 88' lang='lat' dir='ltr'>deficientis</span> <span class='ocrx_word' id='word_1_124' title='bbox 1687 2712 1991 2787; x_wconf 87' lang='lat' dir='ltr'>ecclesiae‚</span> <span class='ocrx_word' id='word_1_125' title='bbox 2040 2712 2121 2776; x_wconf 90' lang='lat' dir='ltr'>de</span> <span class='ocrx_word' id='word_1_126' title='bbox 2185 2732 2386 2775; x_wconf 85' lang='lat' dir='ltr'>manu</span> <span class='ocrx_word' id='word_1_127' title='bbox 2453 2718 2681 2775; x_wconf 86' lang='lat' dir='ltr'>nostra</span> <span class='ocrx_word' id='word_1_128' title='bbox 2741 2710 2976 2773; x_wconf 89' lang='lat' dir='ltr'>merito</span> 
     </span>
     <span class='ocr_line' id='line_1_19' title="bbox 876 2812 2978 2898; baseline 0 -23"><span class='ocrx_word' id='word_1_129' title='bbox 876 2814 1275 2898; x_wconf 86' lang='lat' dir='ltr'>requiratur,</span> <span class='ocrx_word' id='word_1_130' title='bbox 1321 2814 1378 2878; x_wconf 87' lang='lat' dir='ltr'>si</span> <span class='ocrx_word' id='word_1_131' title='bbox 1422 2818 1653 2879; x_wconf 86' lang='lat' dir='ltr'>tantus</span> <span class='ocrx_word' id='word_1_132' title='bbox 1716 2836 2018 2879; x_wconf 82' lang='lat' dir='ltr'>excessus</span> <span class='ocrx_word' id='word_1_133' title='bbox 2055 2814 2466 2879; x_wconf 70' lang='lat' dir='ltr'>&#39;remanserit</span> <span class='ocrx_word' id='word_1_134' title='bbox 2525 2814 2804 2877; x_wconf 90' lang='lat' dir='ltr'>ulterius</span> <span class='ocrx_word' id='word_1_135' title='bbox 2853 2812 2978 2875; x_wconf 91' lang='lat' dir='ltr'>im-</span> 
     </span>
     <span class='ocr_line' id='line_1_20' title="bbox 876 2914 2974 3001; baseline 0 -23"><span class='ocrx_word' id='word_1_136' title='bbox 876 2916 1154 3000; x_wconf 88' lang='lat' dir='ltr'>punitus</span> <span class='ocrx_word' id='word_1_137' title='bbox 1222 2921 1291 2980; x_wconf 89' lang='lat' dir='ltr'>et</span> <span class='ocrx_word' id='word_1_138' title='bbox 1350 2915 1774 3001; x_wconf 50' lang='lat' dir='ltr'>‚irrequisitus</span> <span class='ocrx_word' id='word_1_139' title='bbox 1819 2937 1862 2980; x_wconf 94' lang='lat' dir='ltr'>a</span> <span class='ocrx_word' id='word_1_140' title='bbox 1905 2915 2113 2980; x_wconf 71' lang='lat' dir='ltr'>nobis</span> <span class='ocrx_word' id='word_1_141' title='bbox 2205 2915 2384 2980; x_wconf 88' lang='lat' dir='ltr'>Nam</span> <span class='ocrx_word' id='word_1_142' title='bbox 2444 2919 2514 2980; x_wconf 92' lang='lat' dir='ltr'>et</span> <span class='ocrx_word' id='word_1_143' title='bbox 2573 2914 2730 2979; x_wconf 91' lang='lat' dir='ltr'>Heli</span> <span class='ocrx_word' id='word_1_144' title='bbox 2777 2915 2862 2978; x_wconf 92' lang='lat' dir='ltr'>ob</span> <span class='ocrx_word' id='word_1_145' title='bbox 2906 2915 2974 2978; x_wconf 87' lang='lat' dir='ltr'>id</span> 
     </span>
    </p>
   </div>
   <div class='ocr_carea' id='block_1_5' title="bbox 838 3018 2976 3104">
    <p class='ocr_par' dir='ltr' id='par_1_5' title="bbox 838 3018 2976 3104">
     <span class='ocr_line' id='line_1_21' title="bbox 838 3018 2976 3104; baseline 0 -22"><span class='ocrx_word' id='word_1_146' title='bbox 838 3019 1122 3102; x_wconf 64' lang='lat' dir='ltr'>‚perisse</span> <span class='ocrx_word' id='word_1_147' title='bbox 1192 3018 1603 3095; x_wconf 89' lang='lat' dir='ltr'>describitur,</span> <span class='ocrx_word' id='word_1_148' title='bbox 1650 3020 1829 3104; x_wconf 89' lang='lat' dir='ltr'>quod</span> <span class='ocrx_word' id='word_1_149' title='bbox 1891 3019 2179 3084; x_wconf 89' lang='lat' dir='ltr'>filiorum</span> <span class='ocrx_word' id='word_1_150' title='bbox 2225 3019 2460 3084; x_wconf 89' lang='lat' dir='ltr'>videns</span> <span class='ocrx_word' id='word_1_151' title='bbox 2505 3024 2574 3084; x_wconf 92' lang='lat' dir='ltr'>et</span> <span class='ocrx_word' id='word_1_152' title='bbox 2631 3018 2976 3103; x_wconf 86' lang='lat' dir='ltr'>increpans</span> 
     </span>
    </p>
   </div>
   <div class='ocr_carea' id='block_1_6' title="bbox 878 3121 2977 3408">
    <p class='ocr_par' dir='ltr' id='par_1_6' title="bbox 878 3121 2977 3408">
     <span class='ocr_line' id='line_1_22' title="bbox 878 3121 2975 3206; baseline -0.001 -20"><span class='ocrx_word' id='word_1_153' title='bbox 878 3122 1121 3206; x_wconf 73' lang='lat' dir='ltr'>culpas,</span> <span class='ocrx_word' id='word_1_154' title='bbox 1170 3122 1275 3185; x_wconf 90' lang='lat' dir='ltr'>uti</span> <span class='ocrx_word' id='word_1_155' title='bbox 1341 3122 1583 3186; x_wconf 90' lang='lat' dir='ltr'>maluit</span> <span class='ocrx_word' id='word_1_156' title='bbox 1645 3121 1996 3187; x_wconf 87' lang='lat' dir='ltr'>affectione</span> <span class='ocrx_word' id='word_1_157' title='bbox 2062 3126 2132 3186; x_wconf 88' lang='lat' dir='ltr'>et</span> <span class='ocrx_word' id='word_1_158' title='bbox 2191 3121 2702 3186; x_wconf 84' lang='lat' dir='ltr'>mansuetudine</span> <span class='ocrx_word' id='word_1_159' title='bbox 2766 3121 2975 3205; x_wconf 87' lang='lat' dir='ltr'>patris</span> 
     </span>
     <span class='ocr_line' id='line_1_23' title="bbox 881 3222 2976 3308; baseline 0 -22"><span class='ocrx_word' id='word_1_160' title='bbox 881 3244 1083 3307; x_wconf 88' lang='lat' dir='ltr'>quam</span> <span class='ocrx_word' id='word_1_161' title='bbox 1154 3223 1512 3288; x_wconf 84' lang='lat' dir='ltr'>severitate</span> <span class='ocrx_word' id='word_1_162' title='bbox 1587 3227 1657 3287; x_wconf 94' lang='lat' dir='ltr'>et</span> <span class='ocrx_word' id='word_1_163' title='bbox 1718 3223 2123 3288; x_wconf 87' lang='lat' dir='ltr'>auctoritate</span> <span class='ocrx_word' id='word_1_164' title='bbox 2190 3222 2536 3308; x_wconf 74' lang='lat' dir='ltr'>pontificis</span> <span class='ocrx_word' id='word_1_165' title='bbox 2653 3222 2759 3286; x_wconf 89' lang='lat' dir='ltr'>Ne</span> <span class='ocrx_word' id='word_1_166' title='bbox 2823 3242 2976 3308; x_wconf 89' lang='lat' dir='ltr'>ergo</span> 
     </span>
     <span class='ocr_line' id='line_1_24' title="bbox 883 3324 2977 3408; baseline -0 -20"><span class='ocrx_word' id='word_1_167' title='bbox 883 3345 1004 3388; x_wconf 88' lang='lat' dir='ltr'>nos</span> <span class='ocrx_word' id='word_1_168' title='bbox 1078 3347 1164 3388; x_wconf 85' lang='lat' dir='ltr'>ex</span> <span class='ocrx_word' id='word_1_169' title='bbox 1240 3325 1532 3390; x_wconf 90' lang='lat' dir='ltr'>criminis</span> <span class='ocrx_word' id='word_1_170' title='bbox 1609 3324 2013 3390; x_wconf 90' lang='lat' dir='ltr'>dissimulati</span> <span class='ocrx_word' id='word_1_171' title='bbox 2103 3345 2422 3390; x_wconf 87' lang='lat' dir='ltr'>consensu</span> <span class='ocrx_word' id='word_1_172' title='bbox 2490 3324 2760 3408; x_wconf 88' lang='lat' dir='ltr'>justitia</span> <span class='ocrx_word' id='word_1_173' title='bbox 2833 3346 2977 3388; x_wconf 90' lang='lat' dir='ltr'>reos</span> 
     </span>
    </p>
   </div>
   <div class='ocr_carea' id='block_1_7' title="bbox 542 3427 2976 3693">
    <p class='ocr_par' dir='ltr' id='par_1_7' title="bbox 542 3427 2976 3693">
     <span class='ocr_line' id='line_1_25' title="bbox 546 3427 2976 3519; baseline -0.001 -27"><span class='ocrx_word' id='word_1_174' title='bbox 546 3441 809 3519; x_wconf 68' lang='lat' dir='ltr'>Interdiqt,</span> <span class='ocrx_word' id='word_1_175' title='bbox 881 3427 1295 3492; x_wconf 86' lang='lat' dir='ltr'>damnationi</span> <span class='ocrx_word' id='word_1_176' title='bbox 1343 3427 1622 3512; x_wconf 89' lang='lat' dir='ltr'>deputet</span> <span class='ocrx_word' id='word_1_177' title='bbox 1664 3434 1824 3493; x_wconf 88' lang='lat' dir='ltr'>ante</span> <span class='ocrx_word' id='word_1_178' title='bbox 1892 3427 2129 3504; x_wconf 89' lang='lat' dir='ltr'>Deum,</span> <span class='ocrx_word' id='word_1_179' title='bbox 2176 3428 2368 3492; x_wconf 90' lang='lat' dir='ltr'>vobis</span> <span class='ocrx_word' id='word_1_180' title='bbox 2411 3427 2485 3490; x_wconf 91' lang='lat' dir='ltr'>in</span> <span class='ocrx_word' id='word_1_181' title='bbox 2528 3427 2782 3490; x_wconf 89' lang='lat' dir='ltr'>virtute</span> <span class='ocrx_word' id='word_1_182' title='bbox 2826 3427 2976 3490; x_wconf 89' lang='lat' dir='ltr'>obe-</span> 
     </span>
     <span class='ocr_line' id='line_1_26' title="bbox 543 3511 818 3638; baseline 0.044 -16"><span class='ocrx_word' id='word_1_183' title='bbox 543 3511 818 3638; x_wconf 47' lang='lat' dir='ltr'>{aava</span> 
     </span>
     <span class='ocr_line' id='line_1_27' title="bbox 542 3643 637 3693; baseline 0.032 -3"><span class='ocrx_word' id='word_1_184' title='bbox 542 3643 637 3693; x_wconf 55' lang='lat' dir='ltr'>&amp;a</span> 
     </span>
    </p>
   </div>
   <div class='ocr_carea' id='block_1_8' title="bbox 880 3528 2981 4330">
    <p class='ocr_par' dir='ltr' id='par_1_8' title="bbox 880 3528 2981 4330">
     <span class='ocr_line' id='line_1_28' title="bbox 886 3528 2976 3615; baseline 0 -23"><span class='ocrx_word' id='word_1_185' title='bbox 886 3529 1175 3605; x_wconf 80' lang='lat' dir='ltr'>dientiae,</span> <span class='ocrx_word' id='word_1_186' title='bbox 1226 3530 1351 3592; x_wconf 91' lang='lat' dir='ltr'>sub</span> <span class='ocrx_word' id='word_1_187' title='bbox 1398 3529 1846 3608; x_wconf 87' lang='lat' dir='ltr'>anathemate,</span> <span class='ocrx_word' id='word_1_188' title='bbox 1893 3529 1966 3593; x_wconf 88' lang='lat' dir='ltr'>in</span> <span class='ocrx_word' id='word_1_189' title='bbox 2013 3529 2304 3615; x_wconf 88' lang='lat' dir='ltr'>periculo</span> <span class='ocrx_word' id='word_1_190' title='bbox 2337 3528 2550 3605; x_wconf 77' lang='lat' dir='ltr'>o‘fficii,</span> <span class='ocrx_word' id='word_1_191' title='bbox 2595 3529 2859 3614; x_wconf 87' lang='lat' dir='ltr'>gradus,</span> <span class='ocrx_word' id='word_1_192' title='bbox 2907 3534 2976 3593; x_wconf 91' lang='lat' dir='ltr'>et</span> 
     </span>
     <span class='ocr_line' id='line_1_29' title="bbox 882 3631 2976 3718; baseline -0.001 -22"><span class='ocrx_word' id='word_1_193' title='bbox 882 3631 1198 3706; x_wconf 88' lang='lat' dir='ltr'>beneficii,</span> <span class='ocrx_word' id='word_1_194' title='bbox 1244 3631 1605 3716; x_wconf 85' lang='lat' dir='ltr'>apostolica</span> <span class='ocrx_word' id='word_1_195' title='bbox 1666 3636 1735 3696; x_wconf 89' lang='lat' dir='ltr'>et</span> <span class='ocrx_word' id='word_1_196' title='bbox 1778 3636 2008 3696; x_wconf 88' lang='lat' dir='ltr'>nostra</span> <span class='ocrx_word' id='word_1_197' title='bbox 2073 3632 2469 3696; x_wconf 88' lang='lat' dir='ltr'>auctoritate</span> <span class='ocrx_word' id='word_1_198' title='bbox 2537 3631 2976 3718; x_wconf 88' lang='lat' dir='ltr'>praecipiendo</span> 
     </span>
     <span class='ocr_line' id='line_1_30' title="bbox 882 3733 2972 3818; baseline 0.002 -21"><span class='ocrx_word' id='word_1_199' title='bbox 882 3733 1291 3812; x_wconf 76' lang='lat' dir='ltr'>mandamuS,</span> <span class='ocrx_word' id='word_1_200' title='bbox 1336 3740 1682 3818; x_wconf 58' lang='lat' dir='ltr'>quatenus</span> <span class='ocrx_word' id='word_1_201' title='bbox 1730 3734 1862 3798; x_wconf 87' lang='lat' dir='ltr'>nisi</span> <span class='ocrx_word' id='word_1_202' title='bbox 1915 3733 2096 3798; x_wconf 83' lang='lat' dir='ltr'>infra</span> <span class='ocrx_word' id='word_1_203' title='bbox 2128 3733 2664 3800; x_wconf 88' lang='lat' dir='ltr'>Purificationem</span> <span class='ocrx_word' id='word_1_204' title='bbox 2710 3735 2922 3801; x_wconf 88' lang='lat' dir='ltr'>beatae</span> <span class='ocrx_word' id='word_1_205' title='bbox 2948 3735 2972 3773; x_wconf 82' lang='lat'>¹</span> 
     </span>
     <span class='ocr_line' id='line_1_31' title="bbox 882 3835 2978 3921; baseline 0.001 -23"><span class='ocrx_word' id='word_1_206' title='bbox 882 3835 1177 3921; x_wconf 82' lang='lat' dir='ltr'>Virginis</span> <span class='ocrx_word' id='word_1_207' title='bbox 1248 3835 1535 3900; x_wconf 68' lang='lat' dir='ltr'>ecclesiae</span> <span class='ocrx_word' id='word_1_208' title='bbox 1599 3835 2012 3911; x_wconf 83' lang='lat' dir='ltr'>satisfecerit,</span> <span class='ocrx_word' id='word_1_209' title='bbox 2059 3840 2128 3900; x_wconf 90' lang='lat' dir='ltr'>et</span> <span class='ocrx_word' id='word_1_210' title='bbox 2193 3841 2332 3900; x_wconf 89' lang='lat' dir='ltr'>tam</span> <span class='ocrx_word' id='word_1_211' title='bbox 2395 3835 2512 3912; x_wconf 90' lang='lat' dir='ltr'>illi,</span> <span class='ocrx_word' id='word_1_212' title='bbox 2562 3857 2758 3920; x_wconf 89' lang='lat' dir='ltr'>quam</span> <span class='ocrx_word' id='word_1_213' title='bbox 2786 3835 2810 3874; x_wconf 76' lang='lat'>²</span> <span class='ocrx_word' id='word_1_214' title='bbox 2874 3838 2978 3902; x_wconf 90' lang='lat' dir='ltr'>his</span> 
     </span>
     <span class='ocr_line' id='line_1_32' title="bbox 883 3936 2980 4022; baseline 0.001 -22"><span class='ocrx_word' id='word_1_215' title='bbox 883 3937 998 4021; x_wconf 91' lang='lat' dir='ltr'>qui</span> <span class='ocrx_word' id='word_1_216' title='bbox 1046 3958 1163 4022; x_wconf 90' lang='lat' dir='ltr'>pro</span> <span class='ocrx_word' id='word_1_217' title='bbox 1210 3959 1289 4002; x_wconf 85' lang='lat' dir='ltr'>ea</span> <span class='ocrx_word' id='word_1_218' title='bbox 1332 3936 1643 4001; x_wconf 81' lang='lat' dir='ltr'>exsulant</span> <span class='ocrx_word' id='word_1_219' title='bbox 1688 3940 1809 4000; x_wconf 83' lang='lat' dir='ltr'>aut</span> <span class='ocrx_word' id='word_1_220' title='bbox 1854 3937 2205 4022; x_wconf 87' lang='lat' dir='ltr'>proscripti</span> <span class='ocrx_word' id='word_1_221' title='bbox 2236 3941 2411 4001; x_wconf 91' lang='lat' dir='ltr'>sunt·</span> <span class='ocrx_word' id='word_1_222' title='bbox 2427 3937 2719 4002; x_wconf 84' lang='lat' dir='ltr'>debitam</span> <span class='ocrx_word' id='word_1_223' title='bbox 2764 3939 2980 4003; x_wconf 88' lang='lat' dir='ltr'>reddi-</span> 
     </span>
     <span class='ocr_line' id='line_1_33' title="bbox 882 4039 2981 4127; baseline 0.001 -23"><span class='ocrx_word' id='word_1_224' title='bbox 882 4041 1057 4104; x_wconf 88' lang='lat' dir='ltr'>derit</span> <span class='ocrx_word' id='word_1_225' title='bbox 1099 4061 1344 4126; x_wconf 88' lang='lat' dir='ltr'>pacem,</span> <span class='ocrx_word' id='word_1_226' title='bbox 1390 4063 1431 4106; x_wconf 90' lang='lat' dir='ltr'>a</span> <span class='ocrx_word' id='word_1_227' title='bbox 1493 4039 1764 4104; x_wconf 87' lang='lat' dir='ltr'>Divinis</span> <span class='ocrx_word' id='word_1_228' title='bbox 1833 4040 2100 4104; x_wconf 85' lang='lat' dir='ltr'>cessetis</span> <span class='ocrx_word' id='word_1_229' title='bbox 2168 4039 2412 4117; x_wconf 59' lang='lat' dir='ltr'>officiis</span> <span class='ocrx_word' id='word_1_230' title='bbox 2461 4046 2734 4126; x_wconf 83' lang='lat' dir='ltr'>excepto</span> <span class='ocrx_word' id='word_1_231' title='bbox 2804 4043 2981 4127; x_wconf 80' lang='lat' dir='ltr'>quod.</span> 
     </span>
     <span class='ocr_line' id='line_1_34' title="bbox 883 4142 2980 4228; baseline 0.002 -22"><span class='ocrx_word' id='word_1_232' title='bbox 883 4142 1166 4206; x_wconf 78' lang='lat' dir='ltr'>exclusis</span> <span class='ocrx_word' id='word_1_233' title='bbox 1211 4143 1413 4220; x_wconf 89' lang='lat' dir='ltr'>laicis,</span> <span class='ocrx_word' id='word_1_234' title='bbox 1462 4143 1603 4206; x_wconf 87' lang='lat' dir='ltr'>sine</span> <span class='ocrx_word' id='word_1_235' title='bbox 1668 4142 2088 4207; x_wconf 84' lang='lat' dir='ltr'>solemnitate</span> <span class='ocrx_word' id='word_1_236' title='bbox 2155 4164 2623 4228; x_wconf 86' lang='lat' dir='ltr'>campanarum</span> <span class='ocrx_word' id='word_1_237' title='bbox 2670 4149 2738 4209; x_wconf 92' lang='lat' dir='ltr'>et</span> <span class='ocrx_word' id='word_1_238' title='bbox 2783 4146 2980 4211; x_wconf 89' lang='lat' dir='ltr'>eccle—</span> 
     </span>
     <span class='ocr_line' id='line_1_35' title="bbox 880 4243 2975 4330; baseline 0.002 -22"><span class='ocrx_word' id='word_1_239' title='bbox 880 4245 1162 4308; x_wconf 75' lang='lat' dir='ltr'>siasticae</span> <span class='ocrx_word' id='word_1_240' title='bbox 1225 4245 1484 4309; x_wconf 81' lang='lat' dir='ltr'>laetitiae</span> <span class='ocrx_word' id='word_1_241' title='bbox 1544 4245 1769 4330; x_wconf 87' lang='lat' dir='ltr'>signis,</span> <span class='ocrx_word' id='word_1_242' title='bbox 1790 4245 1795 4248; x_wconf 48' lang='lat'><strong>⁴</strong></span> <span class='ocrx_word' id='word_1_243' title='bbox 1815 4265 1976 4308; x_wconf 87' lang='lat' dir='ltr'>voce</span> <span class='ocrx_word' id='word_1_244' title='bbox 2045 4243 2372 4322; x_wconf 81' lang='lat' dir='ltr'>demissa,³</span> <span class='ocrx_word' id='word_1_245' title='bbox 2415 4246 2768 4311; x_wconf 87' lang='lat' dir='ltr'>canonicus</span> <span class='ocrx_word' id='word_1_246' title='bbox 2836 4270 2975 4312; x_wconf 80' lang='lat' dir='ltr'>mos</span> 
     </span>
    </p>
   </div>
   <div class='ocr_carea' id='block_1_9' title="bbox 802 4345 2984 4432">
    <p class='ocr_par' dir='ltr' id='par_1_9' title="bbox 802 4345 2984 4432">
     <span class='ocr_line' id='line_1_36' title="bbox 802 4345 2984 4432; baseline 0.003 -23"><span class='ocrx_word' id='word_1_247' title='bbox 802 4389 808 4396; x_wconf 84' lang='lat'><em>-</em></span> <span class='ocrx_word' id='word_1_248' title='bbox 880 4345 1043 4409; x_wconf 90' lang='lat' dir='ltr'>viris</span> <span class='ocrx_word' id='word_1_249' title='bbox 1088 4345 1409 4431; x_wconf 83' lang='lat' dir='ltr'>religiosis</span> <span class='ocrx_word' id='word_1_250' title='bbox 1440 4345 1756 4431; x_wconf 79' lang='lat' dir='ltr'>indulget.</span> <span class='ocrx_word' id='word_1_251' title='bbox 1851 4345 1994 4411; x_wconf 91' lang='lat' dir='ltr'>Nec</span> <span class='ocrx_word' id='word_1_252' title='bbox 2023 4346 2316 4410; x_wconf 90' lang='lat' dir='ltr'>timeatis</span> <span class='ocrx_word' id='word_1_253' title='bbox 2348 4367 2456 4412; x_wconf 89' lang='lat' dir='ltr'>eos</span> <span class='ocrx_word' id='word_1_254' title='bbox 2487 4349 2602 4432; x_wconf 90' lang='lat' dir='ltr'>qui</span> <span class='ocrx_word' id='word_1_255' title='bbox 2647 4348 2984 4416; x_wconf 87' lang='lat' dir='ltr'>interdum</span> 
     </span>
    </p>
   </div>
   <div class='ocr_carea' id='block_1_10' title="bbox 883 4445 2984 4532">
    <p class='ocr_par' dir='ltr' id='par_1_10' title="bbox 883 4445 2984 4532">
     <span class='ocr_line' id='line_1_37' title="bbox 883 4445 2984 4532; baseline 0.004 -22"><span class='ocrx_word' id='word_1_256' title='bbox 883 4469 924 4510; x_wconf 84' lang='lat' dir='ltr'>a</span> <span class='ocrx_word' id='word_1_257' title='bbox 969 4445 1259 4510; x_wconf 89' lang='lat' dir='ltr'>Domino</span> <span class='ocrx_word' id='word_1_258' title='bbox 1304 4447 1789 4532; x_wconf 88' lang='lat' dir='ltr'>permittuntur</span> <span class='ocrx_word' id='word_1_259' title='bbox 1850 4446 1935 4511; x_wconf 87' lang='lat' dir='ltr'>ad</span> <span class='ocrx_word' id='word_1_260' title='bbox 1996 4447 2311 4531; x_wconf 88' lang='lat' dir='ltr'>majorem</span> <span class='ocrx_word' id='word_1_261' title='bbox 2375 4469 2682 4514; x_wconf 86' lang='lat' dir='ltr'>coronam</span> <span class='ocrx_word' id='word_1_262' title='bbox 2749 4450 2984 4517; x_wconf 87' lang='lat' dir='ltr'>electo-</span> 
     </span>
    </p>
   </div>
   <div class='ocr_carea' id='block_1_11' title="bbox 883 4611 1051 4618">
    <p class='ocr_par' dir='ltr' id='par_1_11' title="bbox 883 4611 1051 4618">
     <span class='ocr_line' id='line_1_38' title="bbox 883 4611 1051 4618; baseline 0 1182"><span class='ocrx_word' id='word_1_263' title='bbox 883 4611 1051 4618; x_wconf 95' lang='lat' dir='ltr'> </span> 
     </span>
    </p>
   </div>
   <div class='ocr_carea' id='block_1_12' title="bbox 2847 4617 2976 4626">
    <p class='ocr_par' dir='ltr' id='par_1_12' title="bbox 2847 4617 2976 4626">
     <span class='ocr_line' id='line_1_39' title="bbox 2847 4617 2976 4626; baseline 0.023 -3"><span class='ocrx_word' id='word_1_264' title='bbox 2847 4617 2976 4626; x_wconf 67' lang='lat'>——-</span> 
     </span>
    </p>
   </div>
   <div class='ocr_carea' id='block_1_13' title="bbox 953 4693 2417 4837">
    <p class='ocr_par' dir='ltr' id='par_1_13' title="bbox 953 4693 2417 4837">
     <span class='ocr_line' id='line_1_40' title="bbox 953 4693 2417 4759; baseline 0.003 -14"><span class='ocrx_word' id='word_1_265' title='bbox 953 4696 967 4729; x_wconf 86' lang='lat'>¹</span> <span class='ocrx_word' id='word_1_266' title='bbox 1005 4695 1219 4756; x_wconf 72' lang='grc' dir='ltr'><em>Μαι-ἕω,</em></span> <span class='ocrx_word' id='word_1_267' title='bbox 1248 4693 1330 4754; x_wconf 85' lang='lat' dir='ltr'>L;</span> <span class='ocrx_word' id='word_1_268' title='bbox 1366 4711 1467 4744; x_wconf 90' lang='lat' dir='ltr'>om.</span> <span class='ocrx_word' id='word_1_269' title='bbox 1492 4697 1563 4754; x_wconf 87' lang='lat' dir='ltr'>A,</span> <span class='ocrx_word' id='word_1_270' title='bbox 1589 4697 1658 4754; x_wconf 87' lang='lat' dir='ltr'>V,</span> <span class='ocrx_word' id='word_1_271' title='bbox 1684 4697 1739 4746; x_wconf 89' lang='grc' dir='ltr'>Ζ.</span> <span class='ocrx_word' id='word_1_272' title='bbox 2048 4697 2070 4728; x_wconf 82' lang='lat'><strong>³</strong></span> <span class='ocrx_word' id='word_1_273' title='bbox 2103 4697 2325 4759; x_wconf 76' lang='lat' dir='ltr'>dimissa,</span> <span class='ocrx_word' id='word_1_274' title='bbox 2345 4701 2417 4750; x_wconf 88' lang='lat' dir='ltr'>V.</span> 
     </span>
     <span class='ocr_line' id='line_1_41' title="bbox 1010 4775 1374 4837; baseline 0.005 -15"><span class='ocrx_word' id='word_1_275' title='bbox 1010 4775 1092 4823; x_wconf 69' lang='lat' dir='ltr'>his</span> <span class='ocrx_word' id='word_1_276' title='bbox 1117 4791 1278 4837; x_wconf 75' lang='lat' dir='ltr'>quam,</span> <span class='ocrx_word' id='word_1_277' title='bbox 1304 4777 1374 4824; x_wconf 90' lang='lat' dir='ltr'>V.</span> 
     </span>
    </p>
   </div>
   <div class='ocr_carea' id='block_1_14' title="bbox 2519 0 3311 60">
    <p class='ocr_par' dir='ltr' id='par_1_14' title="bbox 2519 0 3311 60">
     <span class='ocr_line' id='line_1_42' title="bbox 2519 0 3311 60; baseline 0 5740"><span class='ocrx_word' id='word_1_278' title='bbox 2519 0 3311 60; x_wconf 95' lang='lat' dir='ltr'> </span> 
     </span>
    </p>
   </div>
   <div class='ocr_carea' id='block_1_15' title="bbox 3607 1656 3618 2693">
    <p class='ocr_par' dir='ltr' id='par_1_15' title="bbox 3607 1656 3618 2693">
     <span class='ocr_line' id='line_1_43' title="bbox 3607 1656 3618 2693; baseline 0 0"><span class='ocrx_word' id='word_1_279' title='bbox 3607 1656 3618 2693; x_wconf 95' lang='lat' dir='ltr'> </span> 
     </span>
    </p>
   </div>
   <div class='ocr_carea' id='block_1_16' title="bbox 3609 3337 3616 3846">
    <p class='ocr_par' dir='ltr' id='par_1_16' title="bbox 3609 3337 3616 3846">
     <span class='ocr_line' id='line_1_44' title="bbox 3609 3337 3616 3846; baseline 0 0"><span class='ocrx_word' id='word_1_280' title='bbox 3609 3337 3616 3846; x_wconf 95' lang='lat' dir='ltr'> </span> 
     </span>
    </p>
   </div>
  </div>
 </body>
</html>
