3634 5800
653 880 783 930 Am.
820 864 1049 949 1170]
1540 877 1902 928 smsromn.
2642 866 2776 932 329

674 1079 689 1104 ‘
736 1068 1162 1145 willelmum,
1208 1071 1644 1154 cognomento
1674 1073 1745 1132 et
1790 1067 2002 1134 colore
2051 1066 2324 1143 Rufum,
2371 1067 2778 1133 consecravit

656 1179 689 1205 “
736 1169 809 1234 in
852 1191 1095 1256 regem,
1144 1173 1469 1254 piaesente
1517 1167 1777 1233 Thoma
1827 1167 2224 1233 Eboracensi
2269 1167 2775 1254 archiepiscopo,

654 1280 687 1307 “
733 1291 856 1336 nec
899 1271 973 1334 in
1018 1291 1097 1335 eo
1141 1270 1270 1334 sibi
1316 1268 1531 1335 officio
1576 1268 1835 1354 aliquid
1879 1269 2290 1334 vendicante.
2383 1269 2543 1334 Post
2588 1268 2778 1354 cujus

653 1382 689 1407 ‘²
732 1373 1010 1449 obitum,
1056 1392 1207 1438 cum
1253 1377 1522 1437 sanctus
1570 1371 1930 1436 Anselmus
1993 1369 2500 1436 Cantuariensis
2561 1369 2778 1436 archi-

655 1484 687 1510 “
734 1476 1075 1561 episcopus
1141 1474 1491 1550 exsularet,
1576 1495 1659 1538 ex
1730 1472 1958 1538 eadem
2029 1494 2227 1538 causa
2305 1494 2438 1558 qua
2508 1479 2578 1539 et
2639 1494 2779 1549 noS,

654 1585 687 1612 “
736 1597 909 1641 unus
953 1575 1517 1660 suffraganeorum
1584 1573 2084 1639 Oantuariensis
2129 1573 2432 1649 ecclesias,
2479 1573 2730 1640 scilicet
2756 1576 2776 1612 ¹

654 1687 688 1714 “
737 1679 1057 1744 Girardus
1103 1677 1663 1751 Herefordensis‚⁸
1729 1677 1872 1742 vice
1921 1675 2396 1762 archiepiscopi
2443 1675 2548 1740 sui
2615 1681 2778 1742 tunc

656 1788 690 1815 “
734 1779 1045 1856 absentiS,
1093 1799 1313 1864 regem
1381 1777 1771 1853 Henricum,
1820 1798 1955 1843 non
2004 1777 2498 1843 contradicente
2565 1777 2777 1842 archi-

656 1888 689 1914 “
736 1880 1041 1966 episcopo
1087 1877 1500 1956 Eboracensi,
1558 1879 1986 1944 consecravit.
2083 1878 2487 1943 Revertente
2552 1883 2776 1942 autem

658 1987 691 2014 “
736 1979 823 2046 ab
845 1979 1081 2045 exsilio
1106 1979 1303 2045 beato
1324 1979 1659 2058 Anselm0,
1677 1979 1956 2044 accessit
1985 1978 2072 2043 ad
2105 1999 2256 2050 eum
2281 1999 2399 2043 rex
2429 1977 2777 2057 HenricuS,

655 2091 687 2116 “
735 2083 1003 2149 tradens
1050 2083 1113 2147 ei
1159 2081 1465 2148 diadema
1509 2087 1578 2146 et
1651 2102 1890 2166 rogans
1935 2087 2014 2146 ut
2061 2103 2210 2147 eum
2257 2086 2613 2156 coronaret,
2659 2101 2779 2145 nec

652 2193 685 2218 “
733 2184 1097 2269 imputaret
1142 2183 1241 2246 illi
1308 2183 1491 2267 quod
1552 2183 1789 2267 ipsum,
1837 2183 2226 2248 necessitate
2295 2182 2482 2268 regni
2527 2203 2778 2266 praepe-

662 2293 695 2319 “
740 2283 985 2361 diente,
1054 2305 1189 2349 non
1261 2288 1779 2369 exspectaverat.
1875 2283 2240 2349 Fatebatur
2317 2285 2490 2348 enim
2559 2303 2772 2349 coram

664 2394 699 2420 “
745 2388 1051 2452 omnibus
1095 2385 1265 2452 hanc
1312 2407 1447 2450 esse
1494 2384 1994 2452 Cantuariensis
2040 2387 2324 2452 ecclesiae
2361 2385 2778 2472 dignitatem,

668 2497 701 2524 “
748 2497 825 2555 ut
870 2490 1235 2576 Anglorum
1302 2509 1485 2574 reges
1554 2487 1839 2574 inungat
1905 2495 1973 2553 et
2037 2494 2384 2554 consecret.
2478 2489 2584 2567 Et,
2653 2488 2780 2554 hac

666 2598 701 2624 “
747 2590 1013 2675 quidem
1060 2589 1509 2654 satisfactione
1568 2589 1890 2674 placatus,
1937 2594 2206 2654 sanctus
2251 2588 2778 2673 archiepiscopus

668 2700 703 2726 “
750 2692 1147 2777 approbavit
1192 2690 1367 2775 quod
1413 2713 1453 2754 a
1498 2689 1915 2776 suffraganeo
1961 2711 2081 2755 suo
2127 2690 2375 2754 factum
2422 2689 2664 2764 fuerat,
2709 2695 2780 2753 et

670 2802 703 2827 “
754 2794 891 2878 regi
936 2813 1241 2860 coronam
1286 2793 1615 2878 imposuit.
1711 2792 1931 2872 Quare
1977 2813 2130 2878 ergo
2176 2799 2336 2858 tunc
2383 2790 2569 2856 siluit
2607 2789 2778 2855 Ebo-

669 2904 702 2929 “
752 2895 1035 2961 racensis
1080 2893 1621 2980 archiepiscopus,
1666 2901 1734 2959 et
1778 2893 1908 2959 sibi
1953 2892 2447 2959 Cantuariensis
2493 2891 2778 2959 ecclesiae

672 3006 702 3030 “
751 2997 1237 3083 suffraganeum
1286 2996 1578 3082 praeferri
1644 2996 2012 3061 sustinuit?
2104 2994 2427 3081 Nunquid
2497 2994 2780 3059 Thomas

671 3106 708 3133 “
752 3100 987 3178 senior,
1034 3098 1151 3184 qui
1198 3098 1677 3163 Eboracensem
1740 3097 2013 3183 regebat
2074 3098 2424 3174 ecclesiam,
2473 3102 2540 3161 et
2607 3096 2778 3160 Lan·

672 3208 705 3234 “
753 3199 978 3266 franco
1040 3198 1525 3277 Cantuariensi,
1574 3199 1655 3263 de
1726 3199 1970 3264 litteris
2034 3206 2104 3264 et
2165 3200 2527 3265 amicorum
2595 3198 2782 3282 copia

674 3310 707 3336 “
752 3302 1213 3378 intumescens,
1258 3300 1506 3365 multos
1540 3300 1793 3365 labores
1825 3301 2066 3376 texuit,
2097 3305 2167 3366 et
2211 3298 2548 3365 ecclesiam
2594 3319 2780 3363 suam

673 3411 709 3437 “
755 3402 1107 3487 ampliavit
1150 3404 1222 3467 in
1283 3402 1604 3488 plurimis,
1650 3401 1761 3465 hic
1829 3401 2292 3478 obmutuisset,
2337 3400 2614 3487 pauperi
2681 3419 2782 3464 ce-

677 3510 711 3538 “
759 3504 922 3568 dens
966 3505 1292 3590 episcop0,
1322 3504 1454 3568 nisi
1501 3503 1627 3567 sibi
1661 3503 1741 3567 de
1772 3502 2240 3588 archiepiscopi
2287 3500 2783 3567 Cantuariensis

682 3612 717 3641 “
764 3605 1055 3692 primatu
1120 3619 1191 3672 et
1253 3605 1581 3693 dignitate
1649 3609 2030 3671 constaret?
2121 3604 2378 3670 Deinde
2447 3609 2598 3689 post
2665 3602 2781 3666 tri-

682 3713 714 3739 “
764 3708 955 3793 ginta
998 3715 1069 3773 et
1113 3728 1231 3773 sex
1277 3728 1485 3772 annos
1529 3727 1749 3791 regem
1784 3706 2216 3791 Stephanum,
2249 3706 2784 3791 praedecessorem

678 3816 719 3843 ‘⁸
767 3800 1081 3887 vestrum,
1112 3830 1154 3873 a
1196 3808 1529 3875 decessore
1574 3812 1798 3872 nostro
1839 3806 2160 3872 WiUelmo
2205 3807 2410 3872 fuisse
2455 3826 2784 3872 consecra-

680 3918 715 3943 “
765 3913 931 3986 tum,
1007 3916 1331 3995 praesente
1406 3908 1734 3974 Turstano
1820 3908 2212 3974 Eboracensi
2288 3907 2788 3994 archiepiscopo,

686 4018 721 4043 “
770 4030 893 4076 nec
938 4032 1006 4075 se
1072 4010 1479 4075 immiscente
1543 4008 1807 4094 negotio
1876 4013 1996 4074 aut
2061 4008 2565 4085 contradicente,
2610 4011 2788 4072 certo

687 4117 721 4145 “
767 4112 1009 4177 certius
1054 4116 1173 4175 est.
1271 4110 1417 4190 Quo
1448 4118 1598 4195 post
1642 4130 1880 4174 novem
1927 4116 1994 4175 et
2025 4110 2246 4175 decem
2292 4130 2499 4174 annos
2545 4110 2614 4171 in
2644 4107 2788 4173 fata

1070 4360 1087 4393 ¹
1134 4359 1191 4410 S.
1226 4361 1307 4424 (ss
1330 4358 1379 4407 if
1394 4359 1475 4409 lor
1496 4362 1748 4419 sanctus),
1770 4358 1966 4410 instead
1989 4358 2048 4409 of
2064 4359 2298 4423 scilicet),
2320 4360 2380 4410 L.

763 4588 784 4608 ⁵
818 4580 869 4629 It
900 4592 1007 4628 vas
1040 4578 1201 4643 really
1236 4576 1484 4637 Maurice,
1516 4575 1699 4641 bishop
1791 4578 1970 4642 Henry
1996 4578 2061 4640 1.,
2081 4576 2136 4626 in
2169 4578 2334 4627 which
2371 4578 2611 4642 Thomas,
2643 4580 2789 4631 arch-

697 4658 755 4707 of
801 4658 1039 4716 London,
1090 4656 1205 4706 who
1248 4658 1573 4719 represented
1620 4656 1698 4705 his
1791 4654 1970 4719 bishop
2017 4655 2080 4705 of
2127 4656 2292 4718 York,
2331 4658 2442 4706 also
2485 4657 2608 4707 took
2653 4666 2784 4722 part.

692 4734 1053 4799 metropolitan
1088 4742 1141 4785 at
1178 4736 1263 4787 the
1301 4734 1597 4785 coronation
1643 4735 1706 4785 of
1790 4734 1944 4785 Matt.
1967 4734 2130 4797 Paris,
2151 4734 2204 4785 ii.
2231 4740 2340 4798 115,
2365 4738 2442 4787 ed.
2467 4737 2657 4788 Luard.
