3634 5800
637 895 766 948 Aa).
803 879 1026 964 1170]
1525 893 1889 944 EPISTOLAE.
2615 878 2740 940 351

639 1081 711 1145 in
739 1081 1172 1148 tribulatione
1203 1085 1446 1160 vestra,
1491 1081 1665 1146 sicut
1709 1086 1780 1146 et
1824 1083 2077 1157 nostra,
2122 1082 2202 1143 ut
2227 1100 2372 1144 eam
2418 1079 2744 1145 cribraret

639 1184 810 1249 sicut
855 1185 1170 1262 triticum,
1203 1189 1272 1250 et
1317 1205 1468 1249 suos
1512 1183 1842 1269 probaret,
1876 1186 1945 1247 et
1974 1182 2393 1248 convinceret
2425 1181 2740 1248 infideles,

640 1283 772 1351 Sed
818 1285 1122 1352 Christus
1189 1286 1272 1355 de
1319 1285 1464 1372 ipsa.
1529 1285 1899 1351 tentatione
1968 1290 2365 1370 proventum
2437 1289 2744 1370 operatus

639 1391 740 1451 est
782 1387 1032 1467 laetum,
1079 1392 1149 1452 et
1193 1387 1427 1452 utilem
1473 1387 1780 1452 fidelibus
1811 1387 2157 1464 universiS‚
2205 1387 2321 1452 sed
2369 1387 2577 1464 vobis,
2624 1387 2739 1472 qui

635 1489 800 1555 alios
860 1489 1220 1577 superastis
1278 1490 1352 1553 in
1419 1489 1567 1567 fide,
1630 1510 1766 1574 prae
1828 1489 2085 1554 caeteris
2133 1488 2506 1575 gloriosum.
2600 1489 2741 1553 Nos
2766 1499 2877 1577 ἸΨ-ο
2898 1515 3079 1579 gecon-

637 1591 815 1655 enim
861 1614 977 1678 per
1041 1591 1326 1678 gratiam
1388 1591 1516 1656 Dei
1585 1595 1653 1656 et
1722 1596 2027 1667 vestram,
2074 1613 2223 1657 cum
2278 1591 2544 1655 domino
2590 1612 2743 1676 rege
2766 1569 3013 1616 ⁰¹¹¹²²t¹⁰¹¹·

637 1693 1006 1780 Anglorum
1048 1693 1322 1758 fecimus
1367 1713 1611 1778 pacem,
1657 1692 1745 1758 ad
1787 1692 2105 1757 honorem
2152 1691 2281 1756 Dei
2329 1698 2398 1756 et
2452 1691 2737 1758 ecclesiae

637 1797 746 1876 (ut
789 1795 1151 1882 speramus)
1215 1795 1618 1874 utilitatem3
1682 1793 1869 1879 cujus
1913 1793 2189 1859 formam
2234 1793 2409 1859 lator
2454 1815 2737 1878 praesen-

635 1897 804 1961 tium
854 1896 1042 1963 vobis
1087 1902 1393 1985 exponet,
1437 1917 1633 1981 quem
1689 1895 2134 1962 desideramus
2178 1895 2368 1960 vobis
2414 1897 2738 1961 attentius

633 1998 1089 2076 commendari,
1135 2003 1204 2064 et
1248 1998 1602 2084 petitiones
1663 2019 1829 2083 quas
1888 1997 2091 2064 habet
2136 1998 2208 2062 in
2254 1997 2561 2064 manibus
2608 2021 2741 2083 qua

633 2099 1066 2166 consuevistis
1111 2098 1442 2190 industria
1485 2098 1876 2185 promoveri.

1483 2537 1849 2607 DOXOV.a

757 2689 1048 2756 THOMAs
1095 2690 1660 2758 CANTUARIENSIS
1705 2708 2295 2759 Anonmmsoorus
2342 2709 2621 2758 DOMINO

1467 2796 1884 2863 GRATIANO}

926 2951 1018 3012 (A.
1043 2954 1137 3008 663
1175 2950 1240 3002 Ο.
1263 2949 1313 3000 ἰὶ.
1339 2954 1437 3010 60;
1473 2951 1530 3000 Ζ.
1557 2966 1602 3000 v.
1628 2954 1723 3011 4⁷3
1761 2952 1888 3015 Lup.
1914 2967 1961 3001 v.
1986 2954 2085 3009 473
2124 2950 2308 3001 Thom.
2335 2956 2443 3013 41.)

727 3078 1221 3165 Experientiam
1267 3101 1488 3143 rerum
1521 3084 1800 3145 matrem
1848 3087 1916 3145 et
1960 3080 2287 3146 nutricem
2334 3102 2491 3157 csse,
2522 3079 2737 3167 philo·
2763 3094 2927 3143 Effeet
2950 3094 3007 3143 of

636 3180 882 3268 sophiae
900 3180 926 3219 2
970 3180 1241 3247 celebris
1287 3182 1466 3267 apud
1529 3182 1838 3268 antiquos
1885 3187 1954 3248 et
1998 3203 2156 3248 vera.
2219 3183 2551 3247 sententia
2619 3189 2737 3261 est,
2762 3161 3049 3275 ξξξθξξξξξ

634 3287 702 3346 ct
763 3282 968 3367 ipsius
1029 3281 1358 3368 Apollinis
1432 3284 1811 3349 testimonio
1878 3284 2317 3369 comprobata.
2410 3284 2554 3349 Nec
2613 3284 2737 3348 im·
2762 3292 2959 3356 Hem-5.

635 3384 888 3461 merit0,
933 3406 1083 3449 cum
1128 3390 1442 3470 expertus
1489 3385 1770 3469 quisque
1816 3384 1899 3450 de
1944 3386 2139 3450 rebus
2184 3385 2255 3449 in
2303 3386 2544 3471 quibus
2591 3408 2735 3453 ver-

636 3490 819 3549 satus
865 3489 966 3549 est
1012 3486 1218 3571 possit
1260 3486 1522 3551 fidelius
1557 3486 1878 3572 judicare,
1924 3494 1993 3551 et
2036 3488 2367 3573 inexperti
2414 3488 2495 3551 de
2542 3488 2735 3553 rebus

637 3586 988 3673 incognitis
1047 3586 1136 3652 sit
1193 3588 1576 3674 plerumque
1639 3610 1815 3653 vana
1874 3594 1943 3653 et
2016 3588 2444 3655 fraudulenta.
2504 3590 2734 3677 imagi-

634 3689 834 3755 natio,
930 3689 1094 3769 Quae
1140 3689 1381 3755 idcirco
1432 3689 1875 3775 praemiserim,
1922 3697 2001 3757 ut
2046 3691 2153 3756 vel
2198 3713 2376 3756 nunc
2438 3692 2735 3757 animad-

636 3796 950 3868 vertatur,
998 3795 1247 3875 quanto
1292 3790 1581 3877 periculo
1649 3792 1935 3858 ecclesiae
1980 3798 2050 3858 et
2093 3814 2255 3871 me0,
2326 3798 2446 3859 aut
2512 3795 2733 3879 potius

634 3892 1004 3978 apostolicae
1065 3892 1256 3968 sedis,
1316 3892 1505 3977 cujus
1565 3892 1920 3979 privilegia
1978 3916 2113 3959 non
2176 3895 2317 3959 sine
2392 3894 2604 3959 multo
2666 3902 2735 3960 et

634 3994 928 4057 evidenti
947 3993 974 4031 ³
1003 3992 1376 4059 discrimine
1421 3993 1594 4057 tueri
1642 4016 1983 4080 aggressus
2016 4017 2181 4073 sum,
2226 3996 2532 4060 dominus
2560 4016 2735 4084 papa.

703 4223 716 4255 ¹
755 4224 808 4277 Δ
829 4221 1060 4287 wrongly
1081 4221 1206 4271 adds
1228 4218 1497 4272 cardinali.
1793 4221 1815 4253 ³
1850 4220 2083 4283 evidenti,
2108 4222 2175 4284 A,
2200 4222 2264 4285 Ο,
2290 4224 2363 4285 Ζς
2396 4223 2629 4289 qiu-edem,
2652 4225 2714 4275 L.

698 4303 720 4335 ²
745 4300 1018 4368 philophie,
1043 4299 1106 4352 Ο.
1670 4222 1686 4363 Ι

700 4552 721 4577 ·
753 4545 944 4594 Reuter
975 4558 1139 4594 seems
1173 4550 1226 4593 to
1265 4541 1396 4594 refer
1432 4540 1537 4594 this
1577 4548 1630 4593 to
1728 4541 1770 4591 it
1791 4557 1897 4593 was
1920 4543 2179 4609 evidently
2208 4543 2272 4595 of
2294 4542 2425 4595 later
2457 4546 2576 4596 date
2608 4547 2731 4597 than

630 4624 717 4675 the
748 4623 870 4674 time
903 4622 1052 4672 when
1083 4620 1311 4674 william
1344 4622 1448 4672 and
1491 4620 1630 4673 Otho
1732 4621 1990 4675 Gratian's
2012 4620 2137 4675 visit
2158 4630 2214 4675 to
2246 4624 2443 4676 Franco
2463 4638 2519 4676 as
2542 4638 2573 4675 a
2595 4641 2732 4677 com-

630 4716 761 4755 πει-ο
783 4698 1047 4767 employed
1079 4715 1135 4750 as
1158 4700 1632 4753 commissioners—
1729 4698 2011 4753 missioner.

629 4784 786 4835 about
807 4782 1017 4847 August
1055 4780 1182 4831 1167
1210 4778 1287 4845 (ii.
1312 4780 1457 4843 610).
1525 4781 1632 4831 But
