3634 5800
652 915 787 970 Aa).
825 902 1045 987 1170.]
1527 915 1890 969 Ems'rotffi.
2641 903 2768 972 3:37

652 1095 877 1163 biliter
936 1101 1303 1176 observent,
1366 1103 1471 1166 ‘vel
1532 1104 1617 1168 ad
1680 1126 1797 1168 vos
1877 1102 2052 1166 infra
2127 1103 2502 1180 terminum,
2575 1125 2771 1188 quem

652 1199 1022 1286 praefigetis,
1082 1204 1413 1279 accedant,
1474 1210 1553 1268 ut
1612 1205 1892 1269 audiant
1961 1210 2256 1268 vestrum
2319 1204 2772 1290 proeceptum,¹

652 1300 947 1385 subjecta
992 1325 1191 1390 poena
1236 1305 1363 1369 nisi
1433 1307 1791 1392 paruerint,
1840 1312 1918 1370 ut
1979 1307 2052 1370 in
2099 1307 2444 1392 pristinam
2511 1313 2770 1372 senten-

650 1402 817 1466 tiam
862 1406 1122 1472 sublato
1170 1407 1631 1494 appellationis
1675 1409 2018 1474 obstaculo
2062 1415 2484 1495 reponantur.

743 1505 976 1592 Neque
1021 1509 1161 1575 haec
1207 1510 1506 1588 dicimuS‚
1543 1511 1685 1577 Deo
1730 1517 1918 1587 teste,
1969 1510 2336 1576 vindictam
2367 1515 2774 1596 expetentes,

651 1628 799 1672 cum
846 1611 1165 1696 scriptum
1211 1635 1349 1678 esse
1394 1615 1793 1694 noverimne,
1849 1623 1880 1649 “
1909 1613 2068 1678 Non
2113 1635 2366 1699 quaeres
2435 1613 2774 1681 ultionem,

652 1715 685 1742 “
733 1730 853 1777 nee
920 1735 1169 1779 memor
1242 1716 1369 1780 eris
1443 1715 1706 1800 injuriae
1776 1715 2024 1781 civium
2103 1713 2424 1793 tuorum,’'
2502 1715 2614 1778 sed
2689 1719 2770 1778 ut

652 1811 917 1877 ccclesia
962 1817 1379 1882 correctionis
1425 1819 1727 1904 exemplo
1773 1819 1986 1904 possit
2031 1841 2146 1903 per
2192 1818 2320 1882 Dei
2366 1817 2652 1904 gratiam
2697 1817 2770 1880 in

652 1917 985 1995 posterum
1032 1917 1344 1993 roborari,
1391 1923 1460 1983 et
1504 1939 1705 2002 poena
1751 1939 2106 2004 paucorum
2169 1917 2414 1983 multos
2475 1917 2770 1984 aedificet.

654 2013 831 2078 Nam
878 2021 957 2080 ut
1002 2017 1293 2102 Spiritus
1341 2019 1625 2085 Sanctus
1671 2025 1902 2085 auctor
1947 2026 2067 2096 est,
2114 2028 2150 2054 “
2172 2019 2504 2104 flagellato
2569 2019 2771 2105 pesti-

651 2122 686 2148 “
734 2115 909 2181 lente
941 2120 1201 2204 sapiens
1233 2122 1589 2186 eruditur.”
1684 2123 1828 2188 Nec
1860 2122 2083 2208 vigere
2115 2121 2364 2207 poterit
2394 2121 2770 2206 apostolicae

652 2219 827 2282 sedis
870 2222 1251 2297 auctoritas
1312 2224 1441 2288 nisi
1488 2225 1932 2310 percellantur
1999 2230 2068 2288 et
2135 2223 2206 2287 hi
2255 2225 2386 2308 qui,
2452 2223 2770 2288 laicorum

652 2321 1015 2404 patrocinio
1062 2324 1429 2403 abutentes
1478 2325 2028 2390 excommunicati
2075 2331 2194 2390 aut
2237 2325 2556 2411 prohibiti
2603 2347 2769 2410 prae-

652 2433 1072 2509 sumpserunt
1148 2427 1379 2492 divina
1453 2428 1798 2499 celebrare.
1895 2427 2072 2507 Quid
2149 2429 2326 2491 enim
2390 2428 2568 2492 solus
2631 2427 2768 2514 epi-

651 2545 901 2610 scopm,
947 2529 1440 2612 quantumlibet
1486 2530 1771 2594 ecclesiae
1813 2532 2128 2592 Romanae
2174 2528 2470 2606 devotuS‚
2507 2529 2768 2614 poterit,

652 2624 707 2688 si
768 2627 854 2690 ab
900 2628 1276 2693 obedientia
1341 2630 1481 2715 ejus
1527 2631 1611 2692 ad
1672 2635 1914 2694 nutum
1975 2635 2324 2714 potentum
2387 2631 2770 2695 recesserint

650 2727 1016 2792 sacerdotes
1063 2735 1131 2794 et
1176 2729 1386 2794 clerus
1432 2737 1640 2795 suus?
1730 2731 1921 2794 Nihil
1969 2731 2148 2795 enim
2195 2738 2309 2808 est,
2359 2733 2534 2817 quod
2565 2733 2763 2798 eccle-

650 2827 817 2892 siam
864 2830 1073 2916 magis
1119 2831 1444 2909 debilitet,
1492 2854 1689 2918 quam
1738 2833 1912 2917 quod
1967 2832 2328 2918 apostolica
2372 2833 2556 2896 sedes
2589 2832 2768 2914 talia,

650 2951 799 2994 cum
846 2940 1208 3017 emergunt,
1254 2934 1444 2999 facile
1491 2936 1787 3021 praeterit
1833 2936 2180 3020 impunita.
2275 2934 2440 3001 Haec
2472 2935 2764 3000 dicentes

650 3034 892 3099 scimus
953 3036 1143 3101 nobis
1211 3037 1281 3101 in
1345 3036 1449 3101 his
1512 3039 1965 3123 exsequendis,
2027 3039 2081 3101 si
2159 3038 2484 3125 placuerit
2559 3039 2766 3113 vobis,

650 3156 941 3221 magum,
1032 3137 1175 3202 Deo
1267 3144 1491 3204 tamen
1584 3140 1870 3225 propitio
1964 3138 2328 3217 vincibiles,
2419 3138 2764 3204 imminere

649 3236 917 3303 labores.
1013 3240 1145 3305 Sed
1208 3242 1661 3328 praeelegimus
1720 3248 1974 3307 arctam
2037 3248 2106 3307 et
2165 3248 2518 3329 angustam
2583 3242 2763 3307 viam

650 3340 853 3425 sequi,
901 3361 1049 3425 quae
1096 3343 1285 3408 ducit
1327 3344 1413 3407 ad
1461 3344 1673 3408 vitam
1700 3342 1727 3381 2
1773 3366 1970 3428 quam
2021 3342 2224 3407 latam
2273 3348 2342 3407 et
2407 3344 2765 3428 spatiosam

651 3463 797 3525 quae
842 3464 961 3527 per
1007 3443 1351 3509 illecebras
1400 3446 1625 3511 saeculi
1670 3445 1885 3510 trahit
1927 3446 2014 3510 ad
2062 3444 2324 3509 inferos,
2416 3444 2518 3509 De
2579 3468 2762 3509 man-

650 3545 809 3608 dato
870 3554 1091 3611 vestro
1154 3548 1545 3612 damnorum
1608 3555 1980 3613 nostrorum
2050 3548 2134 3613 ad
2215 3568 2500 3633 praesens
2559 3548 2766 3613 tacita

650 3648 751 3706 est
811 3646 1133 3730 repetitio.
1252 3648 1519 3714 Placeat
1580 3650 1920 3713 screnitati
2006 3654 2238 3713 vestrae
2300 3648 2586 3733 qualiter
2643 3670 2764 3715 vos

649 3743 758 3809 hic
819 3748 1163 3832 procedere
1226 3756 1529 3836 oporteat
1580 3773 1621 3815 a
1680 3753 1890 3816 latore
1955 3752 2380 3836 praesentium
2429 3751 2760 3828 exaudire,

650 3852 717 3910 et
778 3849 1089 3933 injuriam
1152 3853 1471 3939 corrigere
1554 3876 1701 3939 quae
1778 3855 1967 3918 nobis
2030 3860 2098 3918 et
2161 3853 2444 3919 ecclesiae
2518 3860 2762 3919 nostrae

649 3948 837 4013 illata
882 3959 981 4015 est
1025 3952 1099 4016 in
1144 3956 1562 4019 coronatione
1610 3956 1733 4017 filii
1780 3955 1970 4040 regis,
2017 3954 2165 4033 ali0‚
2213 3960 2444 4020 contra
2511 3976 2758 4020 morem

644 4051 995 4135 antiquum
1042 4059 1110 4117 et
1139 4054 1525 4119 mandatum
1572 4060 1884 4133 vestrum,
1917 4056 2274 4120 invadente
2310 4056 2426 4140 jus
2457 4062 2758 4120 nostrum

646 4158 716 4216 et
760 4155 1164 4238 provinciam
1210 4162 1521 4222 nostram.
1616 4157 1990 4223 Necessitas
2035 4179 2155 4222 nos
2201 4158 2416 4242 coegit
2445 4158 2756 4223 excedere

647 4255 913 4319 modum
991 4258 1332 4335 scribendi,
1409 4259 1608 4323 timor
1698 4266 1766 4323 et
1843 4260 2216 4324 reverentia
2306 4259 2388 4323 de
2465 4258 2757 4325 dicendis

645 4353 836 4438 plura
870 4356 1243 4441 ⁴reprimere
1304 4356 1801 4443 compulerunt3
1863 4359 1980 4423 sed
2038 4358 2397 4444 apostolica
2457 4360 2756 4445 dignatio

646 4460 720 4545 et·
758 4456 1107 4522 clementia
1154 4464 1445 4544 paternae
1510 4460 2038 4525 mansuetudinis
2084 4460 2630 4540 immoderationi,
2697 4461 2756 4525 si

2627 4641 2752 4649 --—

712 4736 727 4767 ¹
758 4743 1071 4801 preceptum
1133 4740 1229 4801 (on
1280 4755 1343 4789 an
1402 4744 1651 4814 erasure),
1816 4741 1837 4773 2
1871 4738 2094 4791 adultam
2122 4740 2228 4803 (for
2249 4740 2318 4789 ad
2339 4741 2542 4806 vitam),
2563 4744 2626 4793 V.

644 4812 726 4875 G;
762 4830 865 4863 om.
891 4816 959 4874 A,
985 4816 1049 4873 O,
1077 4816 1149 4879 V,
1171 4818 1229 4867 L.

824 4922 857 4955 o
888 4910 1065 4957 12478.
2443 4930 2490 4977 Υ
