3634 5800
697 880 827 935 an.
867 864 1090 951 1169]
1569 880 1930 932 EPISTOLAE.
2683 868 2804 931 161

1635 1162 1874 1231 DC‘VI.

773 1316 1063 1382 Tuoms
1108 1315 1673 1382 CANTUARIENSIS
1719 1332 2305 1383 Ancmmuscorus
2352 1316 2737 1385 WILLELMO

1253 1418 1656 1485 Senonicum
1702 1436 2269 1486 ARCHIEPISCOPO.
2484 1410 2489 1413 ’

949 1570 1046 1633 (A.
1069 1573 1200 1629 2243
1237 1569 1303 1620 o.
1327 1574 1423 1620 223
1435 1590 1456 1635 3
1494 1537 1549 1620 z.
1574 1566 1643 1619 iii.
1668 1573 1725 1619 σι
1750 1591 1765 1631 ³
1799 1569 1933 1635 nup.
1957 1569 2025 1621 iii.
2052 1572 2149 1631 σῃ
2184 1570 2368 1621 Tuom.
2398 1570 2539 1630 109.)

788 1700 1176 1767 Reverendo
1229 1702 1406 1786 patri
1471 1706 1540 1765 et
1603 1702 1814 1766 amico
1859 1701 2195 1768 carissimo
2260 1700 2609 1779 willelmo,
2674 1703 2803 1769 Dei

695 1803 917 1889 gratia
962 1802 1326 1868 Senonensi
1393 1803 1901 1889 archiepiscopo,
1952 1802 2239 1868 Thomas
2304 1802 2803 1871 cantuariensis

697 1905 982 1970 ecclesiae
1027 1904 1334 1969 minister
1377 1904 1667 1983 humilis,
1729 1904 2057 1990 quidquid
2102 1905 2369 1971 devotio
2422 1911 2642 1991 potest
2688 1928 2796 1971 ex·

696 2008 858 2071 sulis
903 2012 974 2073 et
1015 2006 1382 2093 proscripti.

785 2108 1197 2195 Impossibile
1245 2114 1347 2173 est
1390 2113 1472 2173 ut
1514 2108 1777 2173 animus
1822 2108 2119 2193 quiescat
2160 2109 2371 2195 impii,
2402 2130 2599 2194 quem
2645 2132 2795 2177 con·
2823 2119 3093 2200 Williagq’s

695 2212 987 2279 scientiae
1049 2210 1358 2275 stimulus
1423 2232 1680 2297 semper
1742 2211 2059 2295 exagitat,
2122 2217 2645 2298 perpetuumque
2712 2218 2795 2280 ti-
2822 2188 3115 2303 ξζῐζξὲηωῃ

695 2337 940 2379 morem
985 2314 1230 2381 incutit
1274 2335 1358 2378 ne
1404 2335 1519 2399 per
1581 2313 1845 2399 singula
1888 2318 2224 2379 momenta
2281 2316 2557 2401 recipiat
2620 2318 2795 2403 quod
2822 2320 2975 2383 papal

695 2423 997 2483 meretur.
1090 2416 1201 2481 Sic
1263 2420 1658 2480 aestuantem
1723 2416 1902 2502 jugis
1967 2415 2340 2482 sollicitudo
2406 2418 2668 2503 premit,
2728 2427 2798 2486 et
2822 2396 2981 2435 ⁰⁰⁰¹'t‘

695 2522 855 2583 dum
899 2540 1126 2583 omnes
1179 2517 1495 2595 homines„
1542 2520 1744 2584 etiam
1811 2518 1980 2584 bene
2043 2521 2435 2606 promeritos
2502 2527 2571 2586 et
2632 2525 2797 2588 ami-

694 2620 1032 2698 cissimos,1
1076 2621 1560 2706 suspicionibus
1606 2620 1871 2698 lacerat,
1918 2643 2002 2685 ex
2065 2622 2348 2707 propriae
2394 2624 2589 2709 culpa
2652 2647 2797 2710 per-

695 2723 870 2789 fidiae
916 2728 1114 2808 putat
1157 2723 1307 2787 aliis
1352 2722 1572 2787 deesse
1621 2744 1819 2809 quam
1866 2723 1939 2787 in
1984 2724 2388 2791 conscientia
2416 2746 2549 2790 non
2593 2726 2800 2793 habet

695 2826 907 2889 fidem.
1001 2822 1114 2890 Sic
1166 2846 1286 2889 rex
1352 2824 1742 2911 Anglorum,
1787 2824 2022 2890 audita
2081 2825 2491 2912 profectione
2556 2834 2795 2907 vestra,

696 2949 830 2992 suae
875 2927 1171 2992 conscius
1215 2927 1612 3012 iniquitatis,
1645 2931 1714 2992 et
1758 2929 2018 2993 veritus
2063 2928 2279 2994 zelum
2324 2927 2488 3015 legis
2534 2935 2603 2995 et
2646 2952 2796 3017 per-

692 3031 1134 3095 severantiam
1180 3029 1456 3094 virtutis
1503 3051 1702 3116 quam
1749 3028 2011 3096 habetis
2058 3037 2125 3096 et
2171 3033 2491 3098 exercetis
2544 3033 2617 3098 in
2662 3033 2796 3099 Do-

695 3133 893 3209 mino,
937 3153 1139 3217 supra
1203 3132 1469 3196 modum
1538 3133 1734 3197 timet
1786 3154 1871 3198 ne
1935 3135 2007 3196 in
2066 3137 2309 3200 terram
2357 3134 2499 3219 ejus
2563 3135 2799 3200 cisma-

693 3236 908 3301 rinam
969 3233 1314 3299 sanctitati
1365 3237 1608 3298 vestrae
1669 3234 1916 3320 legatio
1976 3235 2445 3314 committatur,
2500 3237 2659 3321 quia
2724 3237 2797 3302 in

688 3345 834 3404 tota
885 3337 1154 3404 ecclesia
1199 3336 1540 3403 Gallicana
1585 3336 1648 3402 ei
1701 3337 1871 3402 alius
1916 3358 2053 3403 non
2096 3339 2377 3404 occurrit
2437 3360 2555 3424 per
2600 3360 2795 3424 quem

689 3439 950 3504 malitia
1011 3439 1154 3524 ejus
1216 3439 1486 3523 reprimi
1549 3439 1758 3523 possit
1816 3444 1938 3503 aut
1983 3441 2252 3504 conteri.
2346 3441 2479 3505 Sed
2540 3463 2663 3507 nec
2724 3443 2796 3505 in

690 3541 961 3608 ecclesia
1005 3541 1306 3606 Romana
1355 3547 1628 3606 veretur
1685 3541 1993 3627 aliquem,
2037 3542 2211 3607 sicut
2272 3543 2377 3607 sui
2444 3548 2795 3623 testantur,

692 3647 933 3730 praeter
997 3643 1338 3708 dominum
1409 3633 1844 3724 Gratianum3
1912 3645 2087 3730 quia,
2156 3643 2213 3709 si
2275 3645 2585 3732 gloriatio
2654 3649 2794 3735 ejus
2822 3668 3054 3721 Gratian.

691 3767 852 3811 vera
895 3751 1014 3822 est,
1061 3750 1391 3832 quotquot
1435 3745 1552 3810 alii
1597 3746 1683 3811 ad
1728 3745 1948 3832 ipsum
1993 3768 2077 3810 ex
2140 3768 2553 3832 quacumque
2598 3770 2795 3814 causa

691 3847 1100 3924 accesserint,
1147 3847 1232 3912 ad
1278 3852 1518 3912 nutum
1565 3847 1622 3932 ej
1632 3869 1724 3924 us,
1771 3852 1843 3912 et
1885 3848 2224 3914 interdum
2270 3869 2407 3914 non
2450 3851 2591 3916 sine
2634 3857 2797 3918 nota

689 3949 980 4014 sinistrae
1055 3949 1404 4034 opinioniS,
1470 3949 1937 4014 convertibiles
2000 3950 2261 4014 inventi
2328 3957 2503 4018 sunt.
2620 3953 2797 4032 Quia

691 4071 846 4137 ergo
902 4050 1246 4115 dominum
1307 4050 1705 4116 Gratianum
1774 4053 1848 4116 in
1909 4052 2230 4118 comitatu
2294 4058 2519 4118 vestro
2579 4056 2793 4122 redire

689 4152 949 4231 didicit,
993 4153 1159 4219 adeo
1205 4154 1518 4219 turbatus
1563 4159 1664 4219 est
1710 4160 1788 4220 ut
1834 4156 2041 4220 animi
2077 4161 2334 4222 motum
2380 4156 2793 4224 dissimulare

687 4254 1083 4340 nequiverit,
1115 4255 1339 4322 dicens
1371 4256 1547 4340 quod
1577 4278 1697 4340 per
1727 4277 1845 4322 vos
1877 4257 2207 4344 cogendus
2238 4257 2415 4325 erat²
2432 4261 2520 4327 ad
2552 4281 2794 4347 pacem,

687 4361 810 4420 aut
851 4377 1004 4422 cum
1065 4378 1306 4443 magno
1370 4358 1474 4421 sui
1537 4380 1939 4444 suorumque
1998 4359 2345 4445 dispendio
2405 4369 2794 4450 perpetuam

685 4457 1122 4544 ignominiam
1207 4457 1568 4524 subiturus,
1688 4459 2017 4526 Evocavit
2100 4461 2328 4546 itaque
2402 4466 2794 4552 magistrum
2822 4475 2961 4541 Κίος

687 4558 1053 4626 Vivianum
1113 4581 1231 4646 per
1277 4581 1429 4626 suas
1474 4565 1544 4626 et
1605 4561 1860 4628 domini
1906 4563 2457 4650 Rothomagensis
2502 4573 2571 4635 et
2618 4567 2795 4636 Gau·
2820 4543 3051 4663 &28¹7ss

2820 4676 3026 4728 Vivian.

755 4788 772 4822 ¹
807 4787 1164 4852 anacissimos,
1188 4790 1257 4840 A.
1727 4791 1738 4857 Ι
1853 4790 1877 4823 ²
1910 4794 2026 4855 erit,
2052 4795 2127 4854 23
2163 4805 2293 4860 erat,
2322 4798 2378 4849 L.

869 4882 901 4917 ο
929 4871 1104 4917 12478.
2252 4915 2263 4924 .
2487 4895 2527 4942 L
