3634 5800
620 901 748 953 Λα).
787 885 1007 970 1169.]
1489 897 1848 949 EPISTOLAE.
2635 879 2720 946 29

618 1106 739 1152 1100
782 1085 1001 1152 adhuc
1022 1087 1047 1126 ¹
1093 1107 1213 1172 pro
1257 1085 1543 1151 Domino
1589 1088 1657 1150 et
1702 1082 1990 1151 ecclesiae
2036 1083 2344 1148 libertate
2409 1081 2723 1148 formida-

620 1210 765 1252 mus
834 1209 1269 1276 congressum.
1365 1186 1653 1265 Credite,
1698 1173 1990 1272 inquam,
2038 1185 2197 1271 quia
2261 1183 2406 1270 ejus
2469 1182 2723 1270 ingenii

616 1291 815 1358 homo
858 1295 962 1358 est
1006 1297 1085 1357 ut
1128 1313 1266 1358 non
1326 1291 1539 1378 possit
1580 1291 1712 1355 nisi
1778 1288 2125 1375 suppliciis
2192 1286 2540 1352 emendari.
2635 1284 2726 1349 Et
2750 1285 3060 1402 'lihfflisshop

620 1394 777 1479 quia
821 1392 1033 1462 totius
1076 1393 1355 1460 malitiae
1420 1393 1562 1478 ejus
1607 1392 1910 1458 incentor
1955 1387 2099 1456 est²¹
2159 1389 2502 1475 episcopus
2549 1387 2723 1452 Lon·
2749 1368 2782 1403 ⁰
2904 1355 3058 1404 '¹⁶⁰⁰’

620 1495 976 1574 doniensis,
1022 1497 1139 1581 qui
1184 1515 1396 1581 nuper
1458 1495 1530 1560 in
1575 1498 1836 1560 tantam
1883 1493 2174 1579 prosiliit
2233 1490 2721 1577 impudentiam

618 1601 697 1660 ut
741 1597 991 1662 dixerit
1057 1619 1125 1662 se
1192 1597 1663 1663 Cantuariensi
1726 1595 2032 1672 ecclesiae,
2080 1595 2188 1660 cui
2246 1593 2719 1680 professionem

618 1698 800 1776 fecit,
844 1699 1117 1778 nullam,
1168 1721 1253 1766 ex
1318 1721 1449 1784 quo
1508 1699 1875 1764 translatus
1941 1702 2061 1774 est,
2110 1697 2346 1761 debere
2411 1695 2709 1760 obedien-

618 1801 795 1878 tiam,
841 1801 1165 1888 gloriatur
1208 1803 1407 1868 etiam
1456 1802 1631 1887 quod
1677 1800 2056 1867 cathedram
2102 1797 2716 1884 archiepiscopalem

619 1902 705 1966 ad
768 1903 1109 1970 ecclesiam
1174 1903 1699 1970 Londoniensem
1764 1902 2106 1966 transferri
2174 1900 2393 1974 faciet,
2460 1919 2720 1964 necesse

620 2010 722 2069 ost
766 2010 976 2072 tantae
1045 2005 1427 2091 iniquitatis
1490 2009 1691 2090 caput
1751 2005 2023 2082 conteri,
2068 2007 2148 2069 ut
2191 2002 2564 2089 Anglicana
2623 2021 2722 2066 ec-

621 2106 817 2172 clesia
861 2107 1293 2174 convalescat.
1372 2107 1844 2194 opposuerunt
1887 2127 1956 2170 se
2003 2105 2102 2169 illi
2134 2125 2347 2191 nuper
2378 2104 2723 2169 scissuram

621 2209 909 2275 ecclesiae
954 2208 1257 2276 molienti
1328 2208 1565 2274 ftatres
1612 2212 1681 2273 et
1723 2207 2086 2294 coepiscopi
2156 2206 2384 2283 nostri,
2429 2206 2517 2270 ad
2562 2225 2725 2290 quos

622 2312 1105 2378 subvertendos
1173 2313 1255 2377 de
1323 2311 1694 2377 cismarinis
1712 2309 1738 2349 ³
1806 2311 2111 2397 partibus
2178 2311 2352 2396 regis
2415 2307 2724 2374 officiales

623 2415 931 2492 attraxit,
980 2420 1057 2479 ut
1121 2434 1240 2500 per
1284 2434 1395 2478 eos
1438 2412 1824 2500 affligantur
1889 2413 2005 2497 qui
2051 2433 2200 2478 cum
2253 2411 2398 2496 ipso
2443 2411 2727 2496 recipere

622 2515 1065 2582 characterem
1109 2515 1341 2580 bestiae
1388 2535 1521 2580 non
1544 2515 1570 2554 4
1628 2515 2095 2600 acquieverint.
2189 2513 2458 2579 Placeat
2501 2513 2726 2599 itaque

625 2617 997 2704 dignationi
1046 2621 1304 2693 vestrae,
1351 2637 1554 2701 quam
1601 2617 1673 2680 in
1721 2615 2222 2682 cantuariensis
2269 2615 2558 2681 ecclesiae
2611 2635 2725 2700 pa-

624 2723 959 2782 tronatum
1041 2717 1221 2781 Deus
1244 2719 1269 2756 ¹⁵
1336 2717 1704 2794 suscitavit,
1753 2717 1896 2782 haec
1957 2719 2040 2783 ad
2109 2721 2396 2782 mentem
2475 2717 2726 2781 domini

626 2840 814 2907 papae
860 2820 1187 2898 reducere,
1235 2825 1305 2885 et
1350 2841 1469 2907 pro
1514 2841 1694 2884 more
1740 2825 1963 2885 vestro
2024 2819 2410 2886 confirmare
2457 2821 2529 2884 111
2575 2818 2727 2884 sub-

627 2922 941 2987 ventione
986 2922 1274 2988 ecclesiae
1336 2922 1573 2988 fratres
1618 2926 1891 2999 vestros,
1940 2927 2008 2987 et
2073 2923 2429 3007 impetrare
2476 2930 2553 2989 ut
2613 2914 2729 3018 per

625 3029 999 3089 nostrarum
1068 3023 1493 3089 tolerantiam
1558 3024 1940 3109 passionum
2005 3024 2308 3109 acquirat
2373 3024 2730 3109 apostolica

627 3127 811 3191 sedes
855 3125 1242 3211 Anglicanae
1288 3126 1575 3192 ecclesiae
1622 3126 2014 3191 libertatem.
2110 3124 2286 3191 Nam
2332 3127 2498 3192 mori
2562 3148 2735 3212 praet

628 3227 943 3313 elegimus
986 3229 1060 3292 in
1091 3227 1311 3292 exsilii
1355 3228 1715 3293 acerbitate
1758 3250 1879 3315 pro
1924 3227 2226 3306 Domino,
2258 3249 2458 3313 quam
2504 3228 2728 3295 videre

628 3329 965 3396 ecclesiam
1012 3328 1428 3395 exsecrandis
1493 3333 1930 3415 tyrannorum
1991 3328 2463 3394 traditionibus
2509 3322 2726 3415 profa-

626 3432 790 3512 nari,
834 3436 906 3497 et
950 3430 1219 3496 Divinae
1262 3430 1427 3517 legis
1472 3432 1779 3497 evacuari
1826 3432 2138 3517 vigorem.
2226 3429 2400 3497 Date
2447 3432 2726 3511 veniam,

624 3535 783 3619 quia
845 3534 1049 3600 verba
1116 3532 1499 3621 protrahere
1576 3539 1918 3620 protracta
1983 3534 2162 3619 cogit
2224 3536 2596 3612 necessitas,
2661 3543 2729 3602 et

624 3634 946 3700 nonnulla
989 3655 1143 3720 pars
1208 3634 1429 3699 solatii
1472 3641 1576 3699 est
1618 3636 1691 3699 in
1752 3656 1910 3699 aure
1979 3634 2343 3701 dulcissimi
2406 3636 2614 3722 patris
2661 3644 2729 3702 et

626 3736 907 3822 piissimi
994 3736 1243 3802 domini
1317 3736 1617 3822 proprias
1692 3736 2028 3803 effundere
2104 3736 2527 3804 calamitates.
2622 3739 2724 3805 Si-

624 3838 885 3925 quidem

692 3986 751 4012 ·“
772 3976 981 4043 Dulce
1027 3977 1207 4063 loqui
1253 3978 1525 4055 miseris,
1570 3982 1955 4063 veteresque
2001 3979 2306 4045 reducere
2354 3980 2680 4066 questus?

630 4117 719 4183 Et
786 4123 865 4181 ut
928 4116 1069 4183 haec
1129 4117 1373 4202 saepius
1458 4118 1543 4182 ad
1616 4118 2002 4184 memoriam
2069 4120 2420 4197 reducatis1‚
2487 4121 2726 4186 vestris

626 4219 961 4305 provoluti
1044 4218 1323 4305 pedibus
1412 4218 1838 4285 affectuosius
1923 4221 2368 4307 imploramus,
2489 4221 2729 4289 Valeat

626 4343 880 4407 semper
925 4322 1243 4389 sanctitas
1288 4326 1531 4401 vestra,
1574 4322 1787 4387 nostri
1833 4343 2083 4389 memor
2126 4329 2282 4389 ante
2326 4322 2562 4390 Deum.

716 4423 879 4490 Haec
925 4428 1085 4489 sunt
1128 4423 1399 4491 nomina
1445 4424 2178 4503 excommunicatorum,
2225 4426 2342 4510 qui
2389 4426 2729 4513 incorrigi-

694 4625 713 4657 ¹
747 4624 819 4674 ad
845 4623 963 4685 haec,
987 4625 1057 4675 V.
1792 4626 1813 4657 ⁴
1849 4640 1964 4684 non,
1988 4626 2061 4687 L;
2097 4640 2199 4676 om.
2223 4626 2293 4688 A,
2318 4627 2380 4677 Ο.

692 4704 715 4737 ²
747 4711 836 4763 est,
858 4717 960 4754 om.
984 4703 1045 4753 L.
1792 4705 1812 4736 ·'·
1851 4703 2015 4763 Deus,
2037 4704 2116 4765 03
2151 4704 2419 4768 Dominus,
2442 4705 2502 4767 Z,
2521 4706 2582 4757 L.

692 4782 715 4812 ³
748 4782 1080 4845 seimus-inin,
1102 4782 1165 4832 Ο.
