3634 5800
468 1476 608 1528 June
632 1478 681 1522 5.

805 741 934 806 312
1694 756 2065 809 EPISTOLAE.
2519 741 2680 825 [Am.
2715 743 2746 804 1
2761 739 2912 808 170.

790 944 1083 1025 incedit3
1148 952 1218 1012 et
1262 945 1378 1032 qui
1424 946 1497 1010 in
1542 951 1720 1011 terra
1764 966 1886 1011 sua
1916 946 2292 1031 quindecim
2323 953 2495 1013 esset
2524 952 2874 1013 contentus
2891 942 2915 980 ¹

801 1046 1008 1130 [apud
1031 1067 1150 1112 nos
1168 1044 1220 1131 Ξ]
1244 1045 1523 1132 triginta
1540 1067 1659 1111 sex
1679 1046 2095 1132 equitaturas
2118 1047 2408 1113 adducit.
2470 1047 2735 1115 Dicitur
2764 1067 2915 1133 ergo

801 1148 979 1231 quod
1032 1149 1242 1234 magis
1302 1149 1449 1213 sitit
1507 1148 1851 1233 pecuniam
1919 1149 2090 1235 regis
2139 1169 2337 1234 quam
2399 1170 2626 1235 pacem
2687 1149 2916 1240 regni3

801 1249 1012 1334 magis
1042 1249 1297 1316 lucrum
1344 1271 1537 1314 suum
1570 1270 1768 1334 quam
1813 1250 2226 1315 commodum
2259 1257 2568 1316 vestrum.
2682 1250 2772 1315 Et
2815 1271 2920 1315 res

803 1352 965 1415 satis
1011 1352 1383 1418 manifestis
1414 1351 1675 1417 indiciis
1706 1351 2092 1418 declaratur.
2153 1351 2362 1418 Sexta
2385 1353 2561 1417 enim
2586 1353 2749 1418 feria
2771 1358 2920 1438 post

803 1457 1071 1518 octavas
1088 1451 1115 1492 ³
1156 1453 1571 1519 Pentecostes
1636 1453 1825 1518 venit
1869 1451 2249 1530 Cadomum‚
2315 1454 2490 1518 unde
2537 1459 2699 1519 tunc
2742 1453 2920 1517 filius

804 1557 976 1642 regis
1022 1556 1290 1631 exierat,
1337 1576 1487 1621 cum
1550 1576 1682 1640 quo
1727 1554 1791 1619 N
1796 1556 2160 1620 ivel-nensis
2227 1556 2492 1640 optime,
2569 1557 2627 1620 si
2703 1556 2924 1636 vellet,

809 1657 1092 1723 transire
1124 1656 1462 1742 potuisset.
1529 1655 1662 1721 Sed
1692 1657 1938 1721 dicitur
1983 1657 2061 1732 ei,
2093 1658 2225 1722 cito
2247 1657 2274 1696 ⁴
2324 1678 2544 1743 regem
2577 1677 2715 1722 esse
2761 1679 2920 1722 ven·
2979 1695 2988 1704 -

814 1765 1043 1825 turum
1074 1767 1194 1824 aut
1237 1779 1475 1824 navem
1516 1759 1763 1844 regiam
1796 1763 2147 1824 venturam
2171 1764 2441 1845 propter
2505 1759 2740 1844 ipsum.
2833 1759 2924 1823 Et

815 1863 919 1928 sic'
954 1862 1149 1927 homo
1196 1861 1323 1936 ille,
1372 1882 1583 1925 mores
1640 1861 1858 1947 gentis
1905 1866 2148 1926 nostrae
2179 1861 2204 1899 ⁵
2282 1863 2593 1947 ignorans
2639 1862 2921 1947 penituS,

820 1962 1119 2028 fallacius
1182 1961 1459 2047 capitur,
1530 1981 1651 2026 nec
1715 1961 1787 2026 in
1851 1983 2054 2026 manu
2099 1962 2243 2047 ejus
2313 1961 2588 2027 verbum
2652 1962 2924 2029 Domini

812 2067 1253 2149 prosperatur.
1344 2061 1589 2126 Verum
1655 2063 1713 2126 si
1788 2063 2072 2127 astutias
2149 2063 2312 2127 istas
2375 2061 2802 2148 intelligeret,
2867 2062 2927 2126 si

814 2163 1071 2229 concito
1116 2163 1326 2248 gradu
1370 2162 1455 2226 ad
1528 2182 1704 2228 mare
1751 2168 2147 2248 properaret,
2194 2168 2529 2248 oport-eret
2605 2163 2927 2249 archiepi-

817 2285 1085 2350 scopum
1146 2263 1397 2351 praeire‚
1445 2268 1513 2328 et
1558 2263 1763 2327 istum
1834 2263 2005 2350 regis
2073 2284 2454 2350 responsum
2529 2269 2924 2350 exspectare.

821 2366 910 2431 Et
955 2366 1012 2430 si
1058 2365 1327 2430 omnino
1370 2364 1575 2430 vellet
1620 2364 1922 2441 transire,
1966 2385 2205 2430 navem
2256 2366 2522 2451 quidem
2570 2372 2638 2431 et
2684 2365 2928 2431 instru-

820 2471 1047 2532 menta
1088 2467 1283 2531 navis
1313 2465 1661 2541 inveniret,
1698 2465 1812 2530 sed
1857 2463 2257 2551 gubernator
2300 2465 2526 2531 nullus
2570 2472 2929 2554 appareret.

822 2566 1088 2653 Singuli
1134 2566 1309 2631 enim
1342 2565 1665 2652 fugerent,
1710 2565 1821 2630 vel
1889 2587 1958 2631 se
2022 2565 2194 2630 nihil
2239 2567 2402 2632 scire
2445 2567 2757 2644 dicerent,
2819 2568 2930 2632 vel

822 2676 1097 2736 ventum
1144 2669 1411 2754 penitus
1457 2689 1595 2734 esse
1638 2669 1990 2734 adversum
2049 2669 2372 2754 jurarent.
2469 2669 2731 2736 Stultus
2777 2691 2928 2756 ergo

822 2772 955 2836 fuit
1000 2771 1115 2857 qui
1160 2771 1317 2836 veni
1326 2770 1480 2835 endi
1526 2791 1645 2854 per
1690 2791 1810 2837 nos
1835 2769 1861 2809 ⁶
1911 2770 2329 2836 voluntatem
2377 2770 2631 2848 habuit,
2657 2773 2772 2857 qui
2818 2794 2936 2858 per

828 2871 1215 2938 Flandriam
1261 2871 1355 2937 ire
1401 2870 1742 2957 disposuit.
1841 2870 2089 2937 Statim
2136 2892 2292 2958 ergo
2345 2871 2602 2939 litteras
2647 2873 2820 2961 regis
2864 2881 2934 2941 et

826 2974 1085 3039 litteras
1116 2972 1514 3038 Senonensis
1538 2977 1608 3037 et
1652 2973 1965 3037 nuntium
1996 2979 2291 3037 vestrum
2321 2973 2408 3038 ad
2455 2973 2934 3041 Nivemensem

828 3074 1113 3161 dirigite,
1144 3080 1221 3138 ut
1266 3093 1415 3138 cum
1461 3073 1641 3138 omni
1688 3074 2022 3139 celeritate
2041 3072 2068 3113 ⁷
2150 3074 2446 3159 reginam
2494 3072 2768 3141 Cadomi
2799 3097 2937 3141 mo-

830 3180 1087 3241 rantem
1134 3174 1486 3241 conveniat
1552 3179 1882 3259 quatenus
1943 3175 2006 3238 ei
2073 3175 2430 3239 transitum
2473 3182 2676 3261 paret.
2771 3176 2936 3257 Quae

836 3277 893 3341 si
940 3275 1232 3341 noluerit
1277 3275 1369 3341 ob
1428 3274 1849 3339 manifestam
1913 3274 2535 3361 impossibilitatem,
2583 3276 2758 3341 idem
2803 3280 2938 3363 epi-

830 3398 1065 3463 scopus
1110 3376 1197 3442 ad
1242 3397 1360 3441 vos
1390 3381 1777 3452 revertatur,
1808 3374 2100 3441 facturus
2147 3376 2342 3440 citius
2359 3376 2385 3416 ⁸
2429 3378 2606 3462 quod
2649 3377 2942 3444 facturus

836 3484 954 3545 est.
1033 3478 1263 3543 Nolite
1308 3479 1483 3543 enim
1533 3478 1613 3543 de
1646 3482 1882 3543 caetero
1915 3497 2192 3563 parcere,
2226 3478 2338 3542 sed
2371 3484 2587 3543 totum
2633 3480 2941 3566 spiritum

838 3580 1176 3656 effundite,
1223 3584 1439 3644 totum
1510 3577 1802 3664 gladium
1852 3577 2221 3664 evaginate,
2267 3580 2578 3663 quoniam
2641 3601 2777 3645 non
2845 3602 2943 3645 re-

840 3682 1075 3768 spiciet
1103 3703 1223 3747 vos
1253 3680 1480 3748 oculus
1510 3679 1681 3765 regis
1712 3700 1919 3764 usque
1951 3679 2024 3743 in
2047 3680 2533 3765 sempiternum.
2612 3682 2947 3768 Respiciat

844 3788 1069 3848 autem
1146 3802 1344 3867 super
1405 3802 1524 3845 vos
1599 3786 1668 3845 et
1731 3801 1927 3865 super
1989 3801 2145 3846 oves
2213 3802 2470 3867 pascuae
2538 3804 2673 3848 suae
2720 3784 2946 3849 oculus

842 3886 1115 3972 pietatis
1191 3884 1438 3949 divinae
1477 3907 1493 3961 3
1569 3888 1637 3946 et
1734 3882 1946 3968 magis
2022 3883 2102 3947 de
2172 3884 2578 3969 principibus
2654 3886 2947 3951 victoriae

846 3986 1147 4073 gloriam,
1196 4006 1396 4072 quam
1469 3984 1842 4070 principum
1891 4005 2116 4070 pacem
2180 4006 2314 4050 non
2378 4008 2600 4051 veram
2665 3988 2948 4055 ecclesiae

855 4110 994 4153 suae
1046 4088 1345 4153 conferre
1394 4087 1722 4173 dignetur.
1841 4086 2090 4162 Valete,
2167 4094 2236 4151 et
2311 4088 2366 4152 si
2411 4088 2780 4155 adversitas
2855 4092 2954 4156 in-

910 4401 923 4433 ¹
959 4404 1278 4465 contemptus,
1301 4399 1367 4448 A.
2012 4393 2036 4504 ζ
2069 4402 2265 4455 vcstroe,
2287 4396 2350 4447 L.

907 4480 929 4513 π

912 4558 933 4590 ³
964 4478 1311 4617 Z‘L'Zb'issf’}
1327 4555 1391 4606 0.
2018 4549 2039 4587 ⁷
2067 4472 2370 4611 Ῐῖἒίεξῖωεε,
2392 4552 2463 4601 A.

964 4638 1107 4697 scito,
1126 4636 1193 4686 A.
2013 4630 2037 4662 ⁸
2071 4630 2243 4691 sicitas,
2264 4632 2334 4679 A.
