3634 5800
939 842 1068 915 574
1809 859 2168 910 nrm-om.
2648 841 2808 926 [Am.
2843 837 3042 911 1177.

936 1048 1165 1132 populi
1195 1047 1220 1086 ²
1311 1053 1570 1135 spectat
1645 1049 1825 1135 quod
1901 1048 2177 1115 concilia
2266 1051 2481 1126 vocat,
2572 1048 2751 1132 quod
2816 1046 3047 1110 firmat

934 1149 1208 1232 foedera,
1253 1151 1432 1240 quod
1475 1152 1800 1218 amicitias
1836 1151 2084 1239 jungit,
2127 1152 2305 1238 quod
2348 1150 2662 1237 superbos
2708 1149 3041 1224 humiliat,

934 1253 1110 1336 quod
1175 1252 1405 1339 praelia
1467 1255 1777 1332 minatur,
1843 1254 2021 1339 quod
2089 1252 2497 1340 principibus
2563 1257 2841 1318 terrores
2906 1251 3037 1314 im-

931 1353 1167 1419 mittit.
1258 1353 1367 1419 Ad
1393 1375 1621 1441 pacem
1656 1355 1945 1442 [quoque
1967 1353 2020 1439 2]
2042 1353 2281 1441 populi
2324 1359 2583 1440 spectat
2621 1351 3037 1418 immensitas

929 1452 1050 1519 illa
1093 1455 1520 1540 pecuniarum
1565 1477 1764 1542 quam
1811 1457 2035 1534 donat,
2080 1477 2279 1541 quam
2338 1455 2589 1542 recipit,
2634 1476 2833 1542 quam
2878 1475 3035 1520 con·

927 1561 1175 1642 gregat,
1207 1579 1407 1642 quam
1452 1558 1788 1645 dispergit.
1884 1557 1967 1622 In
2012 1558 2237 1638 muris,
2284 1557 2356 1621 in
2400 1555 2927 1644 propugnaculis,
2954 1556 3037 1619 in

927 1657 1427 1737 munitionibus,
1472 1659 1546 1724 in
1591 1660 1876 1738 fossatiS,
1923 1659 1996 1725 in
2056 1659 2372 1726 clausuris
2422 1658 2709 1725 ferarum
2770 1665 2839 1724 et
2896 1658 3035 1743 pis-

925 1759 1120 1838 cium,
1151 1765 1222 1826 et
1261 1761 1334 1825 in
1379 1761 1778 1847 palatiorum
1815 1761 2113 1830 aedificiis
2158 1761 2383 1827 nullus
2427 1761 2737 1828 subtilior
2775 1759 3031 1825 nullus-

925 1882 1054 1946 que
1099 1861 1622 1948 magnificentior
1667 1864 2023 1930 invenitur.

1015 1962 1212 2028 Pater
1255 1963 1398 2050 ejus
1441 1966 1943 2051 potentissimus
1985 1971 2057 2032 et
2118 1967 2563 2033 nobilissimus
2606 1985 2821 2032 comes
2863 1962 3031 2028 fines

924 2085 1076 2131 suos
1119 2067 1522 2153 amplissime
1569 2069 1924 2145 dilatavit3
1972 2070 2089 2135 sed
2116 2071 2244 2136 iste
2274 2070 2569 2156 paternis
2598 2066 3029 2135 facultatibus

923 2168 1384 2253 superaddens,
1429 2169 1502 2234 in
1532 2170 1926 2237 fortitudine
1956 2193 2191 2238 manus
2228 2195 2385 2251 suae,
2416 2173 2731 2239 ducatum
2777 2169 3029 2236 North-

923 2271 1230 2348 manniae,
1276 2271 1593 2338 ducatum
1638 2275 2043 2360 Aquitaniae,
2092 2276 2405 2342 ducatum
2452 2273 2837 2349 Britanniae,
2880 2293 3030 2357 reg·

923 2392 1086 2437 num
1133 2373 1414 2461 Angliae,
1458 2397 1734 2462 regnum
1765 2375 2025 2454 Scotiae,
2056 2400 2333 2465 regnum
2378 2377 2707 2454 Yberniae,
2752 2397 3027 2462 regnum

923 2471 1200 2552 Walliae,
1248 2481 1541 2561 paternae
1601 2478 2112 2564 magnificentiae
2179 2479 2411 2545 titulos
2476 2477 3028 2545 inaestimabiliter

923 2577 1289 2662 ampliavit.
1382 2580 1625 2646 Nullus
1671 2583 2077 2648 mansuetior
2118 2589 2221 2648 est
2262 2581 2540 2660 afflictis,
2585 2581 2808 2648 nullus
2864 2580 3027 2647 affa-

925 2679 1120 2746 bilior
1193 2684 1611 2770 pauperibus‚
1679 2685 1906 2751 nullus
1974 2686 2457 2773 importabilior
2530 2691 2631 2752 est
2694 2684 3027 2772 superbis3

925 2782 1210 2866 quadam
1243 2785 1420 2850 enim
1470 2786 1851 2853 divinitatis
1898 2787 2188 2874 imagine
2216 2808 2473 2874 semper
2516 2787 2778 2853 studuit
2806 2787 3027 2872 oppri-

929 2906 1106 2950 mere
1151 2884 1493 2966 fastuosos,
1537 2910 1879 2975 oppressos
1924 2889 2191 2976 erigere,
2234 2893 2306 2956 et
2346 2889 2663 2956 adversus
2706 2888 3031 2975 superbiae

926 2992 1254 3053 tumorem
1299 2992 1646 3058 continuas
1690 2994 2175 3079 persecutiones
2220 2998 2289 3058 et
2332 2993 2635 3059 exitiales
2692 2991 3025 3057 molestias

923 3091 1254 3158 suscitare.
1349 3093 1520 3159 Cum
1549 3101 1793 3175 autem,
1832 3096 2038 3181 juxta
2058 3098 2085 3139 ³
2114 3097 2303 3182 regni
2348 3096 2905 3172 consuetudinem,
2950 3095 3025 3158 in

923 3191 1351 3260 electionibus
1396 3195 1712 3263 faciendis
1743 3198 2119 3284 potissimas
2152 3204 2221 3263 et
2250 3198 2740 3285 potentissimas
2782 3196 3027 3261 habeat

922 3298 1164 3380 partes,
1207 3295 1450 3363 habuit
1491 3303 1714 3366 tamen
1763 3321 2021 3387 semper
2088 3322 2324 3367 manus
2368 3301 2454 3367 ab
2522 3300 2702 3367 omni
2772 3296 3023 3364 venali-

921 3400 1063 3462 tate
1109 3398 1414 3465 innoxias
1461 3405 1532 3466 et
1598 3400 1943 3469 immunes.
2036 3403 2181 3468 Has
2246 3408 2321 3469 et
2380 3403 2545 3469 alias
2610 3406 2752 3468 tam
2816 3399 3021 3469 animi

921 3518 1121 3582 quam
1167 3502 1454 3586 corporis
1499 3503 1604 3567 sui
1621 3501 1650 3541 ⁴
1692 3503 1896 3582 dotes,
1944 3504 2185 3590 quibus
2232 3505 2451 3591 ipsum
2494 3508 2740 3570 natura
2768 3502 3021 3589 egregie

920 3619 1058 3684 prae
1103 3602 1358 3667 coeteris
1387 3603 1754 3690 insignivit,
1787 3610 1991 3691 tango
2022 3611 2495 3686 summotenus,
2524 3626 2659 3671 non
2690 3604 3023 3683 describo;

920 3722 1132 3768 meam
1180 3704 1356 3769 enim
1404 3706 1716 3792 profiteor
1767 3707 2320 3789 insufficientiam,
2382 3709 2839 3794 crederemque
2896 3706 3021 3772 sub

919 3807 1112 3869 tanta
1185 3806 1424 3873 sudare
1498 3810 1774 3874 materia
1848 3810 2143 3876 Tullium
2216 3816 2338 3877 aut
2399 3810 2755 3877 Maronem.
2846 3808 3021 3875 Illud

919 3926 1076 3971 sane
1123 3908 1464 3973 tantillum
1509 3912 1687 3997 quod
1731 3912 1814 3978 de
1859 3912 2073 3979 forma
2117 3918 2187 3980 et
2230 3914 2522 3979 moribus
2566 3913 2709 3999 ejus
2775 3912 2863 3978 ad
2922 3913 3021 3977 in-

921 4010 1239 4077 stantiam
1287 4017 1577 4078 vestram
1646 4014 1940 4081 breviter
2007 4015 2321 4095 delibavi,
2363 4015 2532 4081 mihi
2576 4015 2939 4082 temeritati
2979 4035 3022 4080 a

918 4110 1221 4195 pluribus
1285 4114 1686 4197 ascribetur3
1729 4116 2009 4183 videbor
2074 4117 2252 4183 enim
2297 4124 2418 4184 aut
2481 4139 2647 4184 onus
2708 4118 3022 4204 importa-

918 4211 1054 4277 bile
1131 4216 1670 4302 praesumpsisse?
1741 4222 1864 4283 aut
1938 4218 2299 4305 plurimum
2376 4218 2461 4285 de
2535 4218 3025 4307 magnificentia

920 4314 1096 4378 tanti
1144 4316 1275 4381 viri
1321 4338 1441 4403 per
1483 4318 1928 4385 invidentiam
1950 4317 1978 4359 ⁶
2005 4321 2357 4387 rescidisse.
2452 4321 2593 4409 Ego
2623 4327 2849 4388 tamen
2877 4341 3022 4387 ves-

983 4516 1001 4551 ¹
1034 4518 1136 4580 wi,
1156 4516 1251 4570 ins.
1277 4520 1342 4573 G.
2086 4524 2107 4556 ⁴
2140 4525 2240 4585 sni,
2263 4522 2321 4587 Z,
2342 4523 2422 4586 G;
2458 4538 2561 4576 om.
2584 4524 2645 4575 P.

983 4594 1006 4627 2
1039 4612 1245 4661 quoque,
1270 4597 1355 4661 ῦς
1391 4613 1493 4651 om.
1516 4598 1577 4663 P,
1602 4600 1665 4664 Z,
2087 4603 2109 4636 ⁸
2132 4602 2531 4671 proeuumpst‘ue,
2552 4602 2595 4655 Z
2608 4624 2624 4665 ς
2645 4605 2935 4672 suscepisse,
2956 4604 3023 4659 G.

983 4675 1005 4709 ⁸
1023 4674 1205 4741 ,iu-2⁸¹⁰,
1225 4691 1326 4731 0¹¹1·
1349 4676 1406 4729 Ζ·
2087 4683 2109 4717 ⁶
2140 4684 2401 4749 invidiam,
2422 4686 2482 4738 Z.
