3634 5800
652 890 781 940 ιω).
817 871 1043 958 1169]
1524 885 1883 936 smsrom.
2634 871 2763 940 173

652 1081 843 1148 niora
918 1078 1119 1144 saluti
1192 1081 1263 1144 et
1328 1077 1683 1156 honestati,
1754 1077 1931 1162 quia,
2001 1081 2328 1162 quantum
2397 1077 2760 1166 deprehen·

654 1184 807 1249 dere
852 1181 1193 1268 potuimus
1237 1185 1307 1248 et·
1350 1179 1465 1266 qui
1511 1179 1854 1248 nobiseum
1901 1185 2106 1258 erant,
2153 1185 2224 1246 et
2267 1180 2442 1248 sieut
2493 1180 2761 1246 indubi-

654 1289 883 1351 tanter
943 1305 986 1350 a
1046 1282 1280 1349 multis
1342 1291 1735 1368 accepimus,
1804 1281 2238 1348 laudabiliter
2303 1282 2380 1348 in
2445 1283 2763 1348 extremis

652 1391 956 1453 versatus
998 1390 1114 1451 est.
1237 1385 1361 1450 Rei
1407 1385 1607 1450 series
1653 1383 1887 1450 vobis¹
1953 1385 2328 1452 innotescet
2380 1405 2465 1450 ex
2511 1385 2756 1450 ordine.

654 1488 807 1566 Vos,
836 1488 895 1552 si
938 1486 1174 1573 plaeet,
1204 1487 1625 1554 necessitates
1672 1491 1935 1552 nostras
1980 1490 2051 1552 et
2095 1486 2514 1552 honestatem
2561 1487 2764 1554 ecele-

654 1591 769 1656 sioe
812 1587 1116 1654 adhibita
1162 1587 1510 1676 diligentia
1570 1592 1972 1673 promovete.
2095 1587 2272 1654 Nam
2338 1587 2394 1652 si
2456 1587 2764 1653 dominus

654 1711 829 1778 papa
872 1693 941 1756 et
985 1689 1258 1756 eeclesia
1300 1688 1602 1754 Romana
1662 1689 2042 1756 extenderit
2101 1709 2376 1754 manum
2437 1710 2624 1756 suam
2691 1691 2762 1754 in

656 1792 1099 1868 retribuendo,
1144 1791 1335 1857 nobis
1376 1791 1695 1858 citissime
1740 1792 1928 1876 quies
1973 1791 2260 1868 dabitur,
2292 1797 2361 1856 et
2405 1792 2762 1857 auctoritas

656 1895 941 1962 eeclesiae
1002 1894 1337 1968 Romanae,
1384 1897 1521 1958 tam
1586 1893 1659 1958 in
1702 1892 1951 1979 Anglia
2018 1913 2218 1978 quam
2279 1894 2352 1958 in
2396 1894 2763 1960 cismarinis

654 1999 849 2063 terris
892 1997 1033 2084 regi
1078 1996 1447 2082 Anglorum
1492 1995 1795 2073 subditis,
1845 1993 2262 2064 reflorescet.2

1618 2431 1822 2501 DCX.

690 2587 985 2652 TnoMAs
1030 2585 1597 2654 CANTUARmnsls
1640 2603 2234 2652 ARCHIEPISOOPUS
2287 2588 2732 2656 ALEXANDRO

1225 2705 1306 2754 m·
1350 2688 1395 2754 J
1398 2705 1619 2754 OANNI
1667 2703 1980 2754 cLEmcIs
2027 2706 2197 2756 stus,

884 2842 982 2904 (A.
1010 2845 1106 2890 228
1132 2860 1145 2901 ;
1184 2841 1248 2891 Ο.
1276 2839 1325 2891 ii.
1351 2843 1445 2890 237
1472 2859 1485 2901 3
1523 2841 1581 2891 Z.
1604 2839 1672 2890 iii.
1702 2845 1799 2901 653
1837 2843 1971 2906 Lup.
1996 2839 2064 2890 iii.
2091 2845 2189 2901 653
2227 2842 2409 2894 Thom.
2433 2845 2541 2905 92.)

752 2970 941 3053 Quae‘
974 2973 1045 3035 in
1094 2970 1419 3057 colloquio
1462 2992 1689 3057 regum
1750 2972 1824 3039 in
1871 2973 2125 3039 octavis
2145 2980 2171 3017 ³
2209 2972 2440 3039 Sancti
2487 2972 2764 3041 Martini
2791 2983 3004 3048 Supple-

660 3076 840 3163 apud
902 3074 1223 3145 Sanctum
1284 3074 1683 3159 Dionysium
1733 3074 1975 3140 ‘habito
2035 3080 2224 3161 gesta
2284 3080 2457 3154 sunt,
2503 3077 2764 3165 plenius
2789 3058 3025 3181 3⁰¹¹}ss
3045 3056 3097 3101 ω

660 3177 1030 3265 agnoscetis
1091 3180 1193 3241 ex'
1222 3176 1538 3263 rescripto
1600 3177 1977 3245 litterarum
2024 3198 2188 3265 quas
2248 3178 2516 3243 domino
2562 3178 2766 3246 Seno-

662 3280 850 3345 nensi
916 3277 1418 3345 transmisimus.
1540 3278 1671 3345 Sed
1734 3280 1896 3365 quia
1943 3278 2336 3347 verebamur
2395 3280 2765 3359 fastidium,

662 3381 985 3449 nonnulla
1011 3402 1161 3469 quae
1190 3380 1287 3446 ibi
1320 3381 1577 3457 desunt,
1620 3380 1860 3447 ⁴eidem
1890 3381 2156 3447 domino
2187 3387 2258 3447 et
2285 3383 2496 3448 amico
2541 3389 2766 3451 nostro

604 3478 607 3485 ’
663 3507 782 3573 per
826 3505 945 3550 vos
989 3483 1551 3561 communicanda,
1596 3482 1839 3549 litteris
1885 3482 2325 3569 praesentibus
2388 3487 2766 3554 curavimus

664 3608 949 3654 exarare.
1043 3587 1223 3652 Nam
1267 3586 1363 3653 sio
1397 3586 1459 3651 ei
1496 3607 1599 3653 res
1630 3585 1888 3653 facilius
1942 3586 2397 3665 innotescent,¹⁵
2427 3610 2576 3653 eum
2607 3590 2766 3655 viva

654 3684 823 3756 'voce
870 3688 1111 3755 referre
1156 3688 1423 3774 possitis
1468 3687 1756 3775 plurima
1802 3709 1952 3773 quse
1998 3688 2242 3753 litteris
2304 3688 2438 3753 illis
2490 3690 2764 3759 minime

664 3792 1036 3859 censuimus
1080 3791 1439 3857 inserenda.
1532 3790 1918 3877 Exegerunt
1962 3810 2003 3855 a
2047 3790 2238 3855 nobis
2282 3790 2587 3857 dominus
2634 3794 2760 3859 Ro-
2790 3808 3044 3869 Question

667 3891 1113 3981 thomagensis
1180 3896 1251 3955 et
1310 3890 1655 3977 episcopus
1718 3890 2070 3977 Sagiensis,
2135 3892 2252 3977 qui
2314 3892 2496 3978 pacis
2557 3894 2764 3960 refor-
2789 3881 3034 3991 ζξῶἳίζζ

668 3994 927 4062 mandae
972 3994 1367 4063 mediatores
1412 4014 1552 4059 esse
1593 3992 1977 4071 debuerant,
2011 3996 2337 4078 quatenus
2368 3996 2764 4083 exprimere·-

664 4120 809 4165 mus
840 4095 1279 4161 immobilium
1310 4094 1583 4163 nomina
1614 4095 2116 4180 possessionum,
2149 4116 2313 4181 quas
2344 4097 2536 4163 nobis
2560 4097 2586 4137 ⁶
2615 4120 2766 4167 cum

666 4200 937 4269 ecelesia
1000 4197 1465 4267 Cantuariensi
1540 4196 1805 4267 restitui
1872 4196 2274 4283 petebamus
2411 4200 2520 4265 Ad
2590 4204 2768 4287 quod

599 4319 605 4324 ·
666 4302 1120 4391 respondimus
1174 4322 1310 4381 nos,
1358 4299 1475 4387 qui
1520 4304 1711 4369 tanto
1774 4304 2072 4387 tempore
2131 4299 2438 4367 absentes
2502 4302 2765 4383 fuimus,

738 4547 754 4578 ¹
789 4545 955 4607 nobis,
976 4544 1047 4607 A,
1072 4544 1149 4605 03
1184 4543 1339 4605 υοὸἰε,
1360 4543 1421 4595 L.
1829 4542 1850 4573 ⁶
1887 4542 2202 4600 innotescent,
2242 4542 2313 4603 A,
2352 4542 2429 4601 03
2481 4544 2764 4607 innotescet,

732 4624 755 4657 2
787 4624 1083 4689 ifflmseet,
1106 4624 1169 4676 L.
1761 4622 1825 4671 L.

737 4703 759 4735 ⁸
793 4702 1001 4763 octabis,
1022 4700 1095 4761 A,
1117 4700 1185 4761 Ο,
1206 4702 1281 4761 Z3
1316 4706 1511 4759 octava,
1534 4699 1595 4749 L.
1829 4699 1850 4731 ⁶
1883 4698 2022 4747 nobis
2057 4714 2162 4749 cum
2196 4698 2428 4761 ecelesia,
2474 4701 2560 4761 A;
2599 4704 2764 4753 nobis-

736 4782 757 4812 ⁴
790 4780 961 4840 eidem,
984 4780 1053 4839 A,
1074 4780 1143 4839 V,
1164 4779 1241 4838 O;
1276 4780 1339 4841 ei,
1360 4779 1421 4829 L.
1762 4794 1870 4827 cum
1894 4775 2129 4837 ecclesiae,
2153 4776 2213 4827 I..
