3634 5800
710 889 840 940 an.
879 873 1099 960 1170]
1584 888 1943 938 urls'rOLAE.
2689 871 2821 942 357

1578 1241 1947 1310 DCXCIX.

718 1389 1163 1459 Ammon
1186 1407 1364 1459 PAPA
1393 1391 1668 1459 Tuom
1694 1391 2226 1460 GffluAmENffl
2254 1408 2813 1461 Anemumscoro.

1148 1542 1244 1606 (Ο.
1267 1547 1401 1604 81ος
1437 1543 1494 1596 Ζ.
1521 1559 1570 1594 v.
1595 1543 1660 1596 67
1679 1563 1694 1604 ς
1729 1543 1861 1608 Lup.
1885 1561 1935 1594 v.
1959 1547 2023 1594 65
2038 1566 2053 1607 ς
2088 1544 2267 1596 Thom.
2292 1547 2435 1608 230.)

807 1671 1188 1740 Alexander
1229 1675 1589 1760 episcopus,
1619 1695 1849 1740 servus
1895 1694 2236 1739 servorum
2280 1673 2427 1751 Dei,
2456 1672 2823 1739 venerabili
2848 1678 2991 1744 Sept.
3018 1681 3096 1729 10-

709 1771 912 1839 fiatri
974 1773 1243 1842 Thomae
1307 1775 1772 1843 Cantuariensi
1848 1775 2331 1904 archiepiscopo
2398 1775 2695 1855 salutem,
2755 1781 2825 1842 et

719 1875 1144 1961 apostolicam
1187 1878 1732 1946 benedictionem.

812 1977 1002 2044 Inter
1044 1979 1444 2066 multiplices
1489 2002 1696 2058 curaS,
1743 2002 1893 2066 quae
1922 2002 2042 2066 pro
2087 1980 2349 2046 malitia
2391 1980 2707 2067 temporis
2750 2002 2820 2045 se
2848 1995 3105 2074 Explana-

639 2129 644 2132 -
719 2078 944 2145 animo
987 2086 1212 2148 nostro
1257 2083 1588 2169 ingerunt,
1633 2081 1942 2168 fatigatio
1987 2086 2124 2160 tua,
2167 2103 2365 2167 quam
2411 2103 2531 2169 pro
2571 2081 2823 2164 tuenda
2848 2061 3035 2207 ἓὲἒθῖξ
3051 2062 3141 2112 ‘¹²⁰

720 2179 1030 2247 libertate
1073 2183 1507 2251 ecclesiastica
1551 2184 1914 2270 suscepisti,
1957 2205 2092 2249 non
2138 2184 2317 2249 modi
2292 2205 2468 2250 cum
2512 2205 2633 2248 nos
2676 2204 2821 2271 per-
2848 2195 3033 2260 poliey.

723 2282 971 2361 turbat,
1017 2285 1178 2350 dum
1225 2291 1294 2352 et
1337 2287 1464 2352 tibi
1509 2287 1898 2373 propensius
1960 2286 2406 2352 desideramus
2466 2287 2709 2365 adesse,
2756 2292 2826 2352 et

723 2389 958 2450 votum
1025 2392 1326 2452 nostrum
1401 2390 1959 2474 perstrepentium
2032 2388 2192 2454 hinc
2259 2389 2415 2454 inde
2476 2409 2825 2454 causarum

726 2473 1110 2554 obstaculo1
1155 2489 1549 2555 retardatur.
1640 2489 1780 2554 Ubi
1810 2488 1988 2555 enim
2033 2489 2247 2555 multa
2290 2490 2557 2554 irruunt
2599 2489 2829 2555 formi-

725 2588 962 2666 danda,
1027 2609 1163 2656 non
1223 2590 1414 2656 facile
1477 2595 1700 2677 potest
1765 2591 2031 2656 animus
2098 2591 2410 2676 expedire
2490 2592 2564 2655 in
2624 2613 2827 2676 quam

725 2691 947 2778 potius
992 2697 1248 2777 partem
1278 2691 1518 2759 debeat
1552 2689 1921 2772 declinare?
1964 2691 2333 2778 praesertim
2372 2692 2430 2757 si
2461 2713 2595 2757 non
2626 2693 2829 2758 datur

727 2791 1013 2879 intelligi
1060 2793 1236 2858 unde
1281 2793 1430 2879 plus
1473 2798 1738 2880 captare
1786 2793 2178 2878 compendii,
2221 2793 2371 2879 plus
2426 2794 2828 2860 incommodi

729 2893 951 2961 valeat
1011 2899 1081 2961 et
1154 2893 1426 2983 periculi
1494 2892 1788 2961 evitare.³
1895 2893 2073 2960 Nam
2134 2895 2193 2961 si
2236 2895 2634 2982 aliquotiens
2702 2897 2833 2984 ipsi

731 3004 955 3064 nautae
1000 3000 1099 3063 ita
1143 2998 1515 3065 redduntur
1558 2997 1856 3085 ambigui
1904 2997 2291 3063 diversitate
2337 3004 2706 3077 ventorum,
2750 3004 2834 3064 ut

727 3099 902 3165 inter
930 3122 1001 3165 se
1044 3100 1228 3165 nullo
1273 3100 1466 3166 modo
1497 3099 1897 3167 conveniant
1942 3104 2169 3165 utrum
2208 3100 2293 3165 ad
2338 3100 2555 3165 locum
2598 3122 2831 3187 propo-

729 3199 934 3266 situm
956 3197 983 3237 ⁴
1030 3200 1354 3286 proficisci
1400 3201 1700 3278 debeant,
1737 3222 1826 3266 an
1870 3200 1957 3267 ad
2002 3206 2267 3287 portum
2318 3223 2513 3286 quem
2558 3202 2834 3288 relique-

730 3306 885 3366 rant
928 3300 1402 3381 revehantur=⁵3
1462 3324 1584 3368 nec
1627 3303 2067 3369 admiratione
2110 3302 2387 3389 dignum
2431 3324 2553 3370 nec
2614 3325 2832 3390 repre-

729 3404 1044 3469 hensione
1077 3404 1360 3481 videtur,
1389 3405 1450 3469 si
1495 3403 1566 3468 in
1610 3403 1734 3471 hoc
1778 3405 1948 3470 mari
1993 3424 2231 3491 magno
2272 3408 2341 3469 et
2378 3404 2683 3490 spatiosO,
2714 3405 2833 3470 ubi

731 3506 998 3591 reptilia
1042 3505 1184 3571 sine
1230 3526 1502 3571 numero
1541 3527 1807 3572 cursum
1852 3511 2149 3571 nostrum
2199 3505 2588 3622 impediunt,
2618 3513 2688 3572 et
2717 3506 2834 3571 ubi

732 3627 866 3673 non
920 3612 1059 3673 tam
1105 3628 1448 3693 corporum
1496 3613 1567 3673 et
1613 3606 2043 3693 corporalium
2090 3608 2423 3685 mercium,
2454 3629 2652 3693 quam
2692 3609 2838 3673 ani-

733 3730 991 3775 marum
1031 3713 1100 3775 et
1139 3708 1540 3795 spiritalium
1577 3710 1925 3785 virtutum,
1958 3696 2249 3796 pericula
2288 3712 2743 3791 formidantur,
2775 3712 2836 3777 ei

733 3812 851 3899 qui
889 3833 1132 3877 navem
1177 3812 1350 3897 regit
1379 3811 1664 3877 ecclesiae
1709 3812 1791 3877 de
1820 3812 1999 3878 facili
2028 3834 2165 3877 non
2194 3815 2478 3879 occurrit
2521 3815 2606 3879 ad
2637 3835 2837 3899 quam

733 3916 958 4003 potius
987 3918 1246 3999 partem
1275 3934 1614 3979 assensum
1645 3912 1867 3978 suum⁶
1896 3914 2189 3990 inclinet,
2213 3936 2363 3981 cum
2394 3916 2655 3981 diversa
2682 3936 2834 3982 con-

731 4018 884 4085 silia
925 4017 1008 4082 de
1050 4015 1440 4081 diversitate
1469 4016 1744 4082 veniant
1789 4016 2231 4094 voluntatum,
2274 4022 2343 4081 et
2387 4017 2581 4083 aliter
2608 4018 2835 4083 videa-

731 4126 847 4187 tur
863 4117 891 4163 ⁷
933 4118 1037 4185 illi
1066 4118 1183 4204 qui
1228 4138 1492 4185 causam
1538 4124 1881 4205 promovet
1925 4119 2343 4205 singularem,
2374 4120 2569 4186 aliter
2609 4128 2835 4188 autem

732 4225 795 4288 ei
823 4222 937 4307 qui
967 4221 1151 4308 provi
1159 4218 1357 4298 dere,8
1388 4220 1585 4287 debet
1614 4226 1684 4285 et
1713 4222 2047 4287 consulere
2086 4222 2160 4286 in
2191 4243 2549 4289 commune.
2640 4225 2837 4291 Unde

733 4324 940 4389 frater
967 4322 1315 4400 carissime,
1347 4323 1406 4388 si
1451 4344 1571 4388 nos
1624 4324 1696 4388 in
1741 4344 1939 4389 causa
1990 4328 2109 4389 tua
2161 4329 2231 4389 et
2274 4324 2559 4391 ecclesiae
2603 4326 2837 4413 Angli-

805 4564 820 4597 ¹
854 4562 1216 4625 obductae-ulo,
1235 4564 1302 4613 V.
1902 4564 1924 4596 ⁵
1961 4570 2235 4623 teneamur,
2256 4563 2326 4614 L.

802 4642 824 4674 ²
855 4641 1130 4703 declinare,
1154 4642 1219 4693 O.
1244 4641 1285 4691 Z
1309 4664 1322 4702 ;
1357 4642 1617 4703 inclinare,
1641 4644 1700 4693 L.
1904 4642 1925 4674 ⁶
1958 4658 2114 4701 suum,
2135 4657 2235 4693 om.
2263 4642 2328 4693 L.

801 4720 824 4753 ³
855 4721 1062 4781 evitare,
1087 4720 1170 4779 ῦς
1205 4720 1407 4783 evitari,
1427 4724 1490 4773 L.
1904 4720 1926 4757 ⁷
1960 4720 2176 4780 videtur,
2200 4722 2266 4781 Ο,
2288 4724 2343 4771 Ζ.

801 4800 822 4834 ⁴
843 4799 1162 4865 ‘dispositum
1185 4799 1240 4849 Z.
1785 4858 1788 4861 ⁴
1905 4798 1928 4829 ⁸
1953 4798 2198 4864 providet,
2225 4798 2291 4851 L.
