3634 5800
862 830 993 893 328
1770 843 2134 897 nnsromn.
2285 899 2292 910 ,
2584 833 2746 917 [Am.
2775 833 2978 904 1170.

867 1035 937 1094 et
982 1028 1289 1106 ecclesiae,
1344 1049 1544 1114 quam
1608 1047 1743 1094 non
1805 1028 2222 1094 mediocriter
2287 1027 2560 1107 laeserat,
2623 1032 2975 1098 manifesta

873 1131 1031 1195 boni
1075 1132 1605 1217 compensatione
1650 1130 2076 1209 satisfaciens,
2120 1136 2432 1217 purgaret
2491 1133 2978 1211 conscientiam,

880 1237 950 1296 et
994 1231 1346 1297 redimeret
1408 1232 1699 1312 famam3
1742 1230 1918 1316 snam
1965 1232 2052 1296 ab
2095 1231 2343 1317 iniquis
2401 1232 2807 1313 consiliariiS‚
2855 1256 2970 1321 po-

867 1334 1002 1398 tius
1056 1355 1253 1420 quam
1299 1355 1341 1399 a
1384 1335 1666 1421 propriae
1697 1333 2066 1401 voluntatis
2111 1334 2449 1413 instinctu,
2479 1355 2680 1422 grave
2725 1320 2971 1401 utrius-

874 1455 1001 1520 que
1048 1436 1466 1520 dispendium
1512 1436 1902 1521 patiebatur.

523 1536 634 1653 ’ἔξω
657 1549 806 1654 ςὲἳὶ·
960 1536 1133 1602 Cum
1180 1543 1404 1604 autem
1449 1535 1592 1603 haec
1636 1537 1858 1602 omnia
1919 1557 2053 1602 non
2097 1538 2292 1602 modo
2346 1538 2695 1624 patienter,
2739 1539 2856 1605 sed
2901 1546 2974 1605 et

522 1617 734 1720 ὦζὲα,
794 1618 824 1654 e
878 1637 1179 1725 benigne,
1224 1639 1504 1715 audiret,
1548 1644 1616 1703 et
1660 1637 2187 1703 emendationem
2247 1639 2684 1724 promitteret,
2728 1640 2969 1725 adjeci-

524 1734 652 1785 tion.
868 1759 1017 1803 mus
1062 1738 1191 1803 sibi
1243 1739 1679 1804 necessarium
1724 1759 1863 1803 esse
1907 1738 1993 1803 ad
2053 1739 2355 1818 salutem,
2405 1746 2474 1805 et
2540 1739 2766 1806 liberis
2829 1741 2968 1806 suis

872 1841 959 1904 ad
1004 1840 1525 1907 incolumitatem
1571 1846 1642 1905 et
1704 1841 2210 1906 indemnitatem
2257 1862 2577 1908 concessae
2641 1841 2971 1907 divinitus

867 1943 1232 2027 potestatis
1282 1950 1361 2007 ut
1405 1943 1475 2006 in
1520 1963 1598 2007 eo
1642 1949 1888 2008 sanctae
1935 1941 2398 2008 cantuariensi
2443 1942 2730 2008 ecclesiae
2767 1945 2965 2010 matri

864 2064 1001 2108 suae
1048 2043 1435 2131 diligentius
1489 2042 1910 2119 satisfaceret,
1957 2042 2031 2106 in
2075 2063 2206 2128 quo
2251 2063 2397 2107 eam
2444 2064 2654 2130 nuper
2714 2045 2965 2130 gravis-

862 2143 1025 2210 sime
1071 2142 1343 2210 laeserat.
1438 2143 1616 2208 Nam
1662 2141 1874 2206 filium
1939 2163 2132 2207 suum
2179 2146 2410 2208 contra
2463 2143 2577 2228 jus
2644 2144 2969 2230 antiquis-

864 2245 1107 2310 simum
1196 2245 1484 2312 ecclesias
1572 2249 1820 2309 nostrae
1895 2242 2138 2309 fecerat
2210 2243 2565 2308 enormiter
2655 2247 2968 2324 coronari,

864 2341 1297 2433 usurpatione
1338 2344 1807 2431 archiepiscopi
1841 2345 2286 2422 Eboracensis,
2324 2345 2440 2429 qui
2485 2353 2717 2412 contra
2744 2352 2970 2413 vetus-

865 2448 1187 2513 tissimam
1220 2447 1781 2527 consuetudinem,
1814 2452 1885 2512 et
1929 2451 2080 2532 post
2116 2445 2625 2531 prohibitionem
2663 2454 2971 2525 vestram,

866 2555 935 2615 et
979 2551 1183 2616 etiam
1226 2551 1301 2615 in
1344 2550 1563 2615 aliena
1606 2549 1967 2634 provincia,
2011 2550 2562 2614 consecrationem
2621 2548 2791 2617 hanc
2853 2572 2968 2616 ex-

864 2642 1049 2736 sequi
1094 2671 1267 2718 caeca
1310 2651 1511 2715 nimis
1556 2658 1625 2714 et
1687 2651 2038 2715 temeraria
2104 2651 2464 2715 ambitione
2529 2651 2967 2737 praesumpsit.

866 2753 950 2816 In
996 2773 1129 2840 quo
1174 2752 1287 2817 ille
1318 2751 1701 2838 paullulum,
1734 2748 2081 2828 reluctans,
2111 2755 2516 2836 protestatus
2549 2757 2774 2817 tamen
2814 2757 2974 2817 ante

872 2874 941 2919 se
986 2853 1157 2918 nihil
1201 2873 1564 2939 proponere
1610 2850 1717 2917 vel
1776 2851 2267 2937 propositurum
2331 2872 2468 2923 esse
2535 2851 2759 2918 animo
2821 2871 2971 2919 con-

885 2956 1229 3032 tendendi,
1260 2963 1294 2989 “
1318 2953 1536 3033 Quis,”
1584 2952 1822 3039 inquit,
1847 2958 1890 2987 '¹‘
1909 2953 2252 3019 coronavit
2296 2974 2514 3040 regem
2551 2952 2977 3031 willelmum,

874 3065 909 3091 “
956 3058 1071 3143 qui
1118 3058 1247 3123 sibi
1293 3056 1605 3143 Angliam
1675 3053 2086 3142 subjugavit,
2129 3060 2198 3121 et
2263 3077 2441 3142 teges
2505 3057 2976 3123 succedentes?

879 3170 911 3195 “
959 3160 1203 3225 Nonne
1265 3156 1708 3233 Eboracensis,
1756 3162 1878 3222 aut
1943 3155 2114 3221 alius
2181 3154 2544 3242 episcopus,
2608 3164 2808 3243 prout
2874 3157 2975 3223 illi

873 3270 908 3297 “
954 3262 1259 3349 placebat
1304 3261 1421 3345 qui
1468 3258 1878 3325 coronandus
1922 3262 2065 3323 erat
2123 3257 2198 3321 in
2243 3279 2460 3344 regem
2485 3257 2562 3323 ‘V’
2653 3259 2762 3324 Ad
2826 3281 2974 3345 quae

878 3386 1015 3442 neS,
1063 3363 1240 3449 quod
1286 3384 1369 3427 ex
1416 3360 1653 3427 celebri
1707 3360 1926 3446 gentis
1995 3366 2238 3425 nostrae
2289 3358 2493 3424 claret
2535 3359 2832 3438 historia,
2877 3383 2976 3427 re·

880 3465 1283 3551 slmndimuS‚
1331 3461 1507 3548 quod
1556 3469 1591 3495 “
1614 3482 1691 3525 eo
1736 3466 2030 3546 tempore
2090 3481 2220 3545 quo
2265 3459 2510 3546 Anglia
2553 3466 2748 3546 capta
2792 3468 2894 3527 est
2937 3485 2980 3527 a

880 3573 917 3601 “
964 3565 1388 3641 Normanniss,
1436 3562 1930 3629 cantuariensis
1977 3561 2247 3627 ecc-lesia
2289 3562 2626 3647 proprium
2681 3582 2813 3628 non
2861 3563 2983 3629 ha·

885 3676 919 3703 “
968 3668 1169 3733 bebat
1211 3666 1604 3743 antistitem,
1636 3663 1746 3729 sed
1796 3664 1985 3749 quasi
2031 3662 2298 3749 captiva
2343 3663 2693 3729 tenebatur
2735 3686 2776 3730 a
2819 3686 2982 3750 quo-

883 3779 913 3804 “
963 3768 1117 3835 dam
1162 3766 1504 3853 stigando,
1551 3764 1668 3851 qui
1729 3764 1932 3842 illam,
1979 3765 2150 3829 sicut
2209 3769 2278 3829 et
2321 3763 2863 3844 wintoniensem,
2898 3773 2982 3832 ‘et

885 3880 917 3906 “
966 3869 1509 3943 Londoniensem,
1553 3874 1622 3932 et
1667 3866 2213 3953 wigorniensem,
2257 3871 2326 3930 et
2389 3864 2719 3931 Eliensem
2781 3868 2984 3935 eccle·

882 3981 917 4007 “
963 3972 1145 4049 siam,
1188 3970 1471 4056 publicae
1530 3967 1879 4054 potestatis
1925 3974 1994 4033 et
2037 3968 2395 4033 amicorum
2455 3968 2710 4033 viribus
2755 3975 2988 4035 contra

893 4082 925 4107 “
972 4072 1437 4138 inhibitionem
1484 4070 1764 4134 Romani
1810 4068 2156 4155 pontificis,
2222 4074 2678 4156 occupaverat,
2722 4076 2982 4156 aposto-

869 4184 903 4209 “
950 4174 1095 4241 licae
1157 4173 1329 4239 sedis
1390 4171 1846 4249 communione
1913 4192 2138 4236 carens
2206 4176 2280 4236 et
2341 4172 2598 4258 gratia3
2667 4172 2843 4238 unde
2912 4178 2984 4239 et
3069 4234 3072 4237 ,

885 4286 918 4313 “
964 4278 1047 4342 de
1093 4275 1407 4341 mandato
1460 4273 1620 4359 ejuS,
1664 4294 1707 4338 a
1769 4273 2051 4359 praefato
2095 4294 2245 4359 rege
2313 4278 2545 4359 captus
2613 4275 2684 4338 in
2728 4296 2982 4342 carcere

886 4386 920 4412 “
969 4379 1142 4442 diem
1190 4374 1375 4442 obiit.
1469 4372 1621 4455 Qua
1678 4374 2066 4441 necessitate
2129 4378 2308 4450 tunc,
2351 4374 2559 4459 (quod
2625 4395 2746 4441 nec
2807 4380 2981 4454 ante,

894 4487 923 4513 ‘⁶
971 4499 1092 4543 nec
1154 4481 1305 4563 post
1367 4474 1610 4541 lectum
1678 4479 1781 4539 est
1854 4474 1964 4539 vel
2036 4475 2388 4558 auditum,)
2463 4475 2986 4563 archiepiscopus

891 4588 925 4613 “
973 4576 1417 4653 EboracensiS,
1464 4576 1579 4660 qui
1625 4574 1916 4641 clarioris
1961 4580 2105 4640 erat
2146 4576 2489 4661 opinionis,
2537 4576 2637 4640 illi
2694 4576 2834 4663 regi
2880 4598 2987 4643 co-

891 4690 923 4714 “
972 4700 1203 4745 ronam
1248 4675 1581 4763 imposuit.
1674 4674 2076 4742 Lanfrancus
2123 4697 2279 4742 vero
2322 4676 2534 4742 filium
2580 4676 2722 4762 ejus
2765 4698 2985 4764 regem
