3634 5800
680 863 815 915 ω.
852 846 1073 933 1170]
1277 822 1285 829 ’
1546 862 1948 915 ermom.
2667 850 2800 913 423

1514 1202 1948 1272 DCCXXXI.

732 1357 1113 1423 ARNULFUs
1160 1356 1629 1423 LEXOVIENSIS
1673 1374 2044 1425 EPISCOPUS
2091 1372 2186 1423 AD
2231 1358 2746 1425 ALEXANDRUM

1597 1475 1886 1527 PAPAMJ

1141 1610 1284 1675 (MS.
1308 1612 1425 1662 Vat.
1451 1616 1597 1674 6024,
1622 1616 1703 1673 67,
1730 1617 1821 1664 147
1851 1632 1866 1673 3
1902 1610 2156 1673 Liverani,
2181 1614 2322 1674 583.)

772 1743 1343 1809 Reverendissimo
1389 1742 1655 1809 domino
1700 1765 1820 1808 suo
1867 1748 1936 1808 et
1987 1744 2164 1829 patri
2211 1744 2612 1821 Alexandm,
2660 1743 2790 1811 Dei

679 1845 899 1932 gratia
964 1845 1307 1912 catholicae
1372 1844 1661 1911 ecclesiae
1730 1865 1990 1909 summo
2055 1844 2378 1930 pontifici,
2443 1844 2794 1925 Arnulfus,

685 1947 1111 2013 Lexoviensis
1173 1947 1459 2014 ecclesiae
1502 1946 1773 2011 humilis
1819 1946 2136 2023 minister,
2182 1945 2482 2023 salutem,
2550 1951 2620 2011 et
2681 1948 2792 2013 de-

682 2050 897 2116 bitam
940 2072 1091 2117 cum
1136 2050 1318 2116 omni
1363 2049 1716 2116 devotione
1760 2049 2227 2138 obedientiam.

778 2152 1046 2233 Quanta
1088 2153 1533 2220 sollicitudine
1585 2157 1655 2219 et
1699 2151 2065 2239 diligentia,
2135 2152 2374 2238 quibus
2443 2152 2654 2217 modis
2723 2160 2792 2220 et
2817 2160 2929 2209 The

2817 2226 3002 2275 writer’
3005 2242 3030 2273 s

682 2256 956 2333 artibus,
1000 2256 1088 2321 ad
1132 2277 1357 2343 pacem
1403 2254 1675 2321 Domini
1722 2253 2221 2320 Cantuariensis
2265 2259 2417 2340 post
2461 2275 2789 2340 egressum
2817 2292 3026 2341 labours
3049 2292 3132 2341 for

686 2359 829 2445 ejus
903 2357 1359 2435 laboraverim,
1451 2355 1820 2422 manifestis
1911 2378 2129 2421 rerum
2206 2355 2419 2440 liquet
2510 2354 2790 2435 indiciis,
2815 2374 2989 2421 peace.

682 2460 847 2526 adeo
894 2464 973 2525 ut
1018 2460 1089 2524 id
1114 2459 1309 2525 -nec¹
1356 2459 1691 2545 imperitia
1736 2459 1975 2523 debeat
2020 2458 2341 2544 ignorare,
2405 2480 2526 2523 nec
2571 2457 2788 2545 ingra-
2836 2480 2844 2487 ·

682 2562 905 2627 titudo
981 2562 1203 2627 valeat
1271 2560 1555 2625 diffiteri.
1651 2560 1838 2625 Licet
1901 2560 2078 2625 enim
2153 2559 2336 2646 apud
2409 2561 2789 2645 principum

680 2663 1140 2729 celsitudinem
1187 2661 1551 2750 periculosa
1596 2662 1685 2726 sit
1730 2662 2002 2727 libertas
2073 2661 2349 2739 consilii,
2413 2662 2788 2747 praesertim

682 2788 831 2831 cum
894 2766 1135 2831 crebris
1198 2764 1813 2831 exacerbationibus
1857 2764 1931 2827 in
1993 2768 2348 2849 perpetuas
2406 2764 2790 2829 inimicitias

682 2868 835 2934 odia
898 2866 1380 2944 convalescunt,
1452 2865 1691 2932 accessi
1735 2868 1961 2930 tamen
2019 2864 2326 2951 frequens
2395 2870 2462 2932 et
2523 2865 2789 2932 sedulus
2831 2869 2846 2884 ⁹

680 2971 1084 3049 intercessor,
1129 2969 1502 3036 simulando
1550 2969 1951 3054 plerumque,
2023 2968 2496 3034 dissimulando
2533 2970 2788 3056 saepiuS,

681 3073 854 3139 sicut
912 3074 1205 3138 humana
1267 3094 1409 3138 mos
1454 3075 1557 3136 est
1624 3070 1891 3157 ingenia
1953 3070 2227 3150 variare,
2295 3071 2412 3136 ubi
2480 3072 2746 3139 directis
2764 3069 2792 3108 2

680 3175 1049 3241 rationibus
1102 3175 1365 3260 suisque
1413 3173 1623 3237 modis
1669 3172 2078 3237 infructuose
2123 3172 2370 3238 veritas
2418 3175 2786 3260 expeditur.

678 3275 895 3342 Tanta
970 3278 1211 3362 quippe
1278 3275 1566 3341 nominis
1640 3274 1821 3339 illius
1901 3274 2079 3359 apud
2154 3276 2325 3361 regis
2402 3277 2790 3344 domesticos

680 3378 939 3444 invidia
1001 3377 1477 3464 percrebuerat,
1549 3382 1625 3441 ut
1688 3377 1830 3462 regi
1897 3381 1966 3440 et
2029 3397 2229 3462 regno
2273 3383 2622 3462 putaretur
2687 3380 2788 3445 in-

678 3479 888 3544 festus
952 3501 1149 3566 quem
1193 3479 1301 3544 vel
1364 3479 1543 3544 zelus
1588 3479 2040 3545 ecclesiasticae
2085 3481 2282 3566 pacis,
2329 3479 2437 3545 vel
2505 3503 2786 3569 praecep-

681 3583 885 3646 tionis
930 3586 1169 3646 vestrae
1212 3582 1566 3648 necessitas
1629 3581 1711 3646 de
1758 3602 1835 3647 eo
1881 3580 2286 3648 mentionem
2339 3583 2550 3648 facere
2613 3605 2789 3649 com·

680 3682 987 3769 pellebat.
1105 3681 1287 3748 Vicit
1363 3686 1589 3747 tamen
1655 3704 1874 3769 regem
1943 3682 2456 3747 invictissimum
2549 3690 2786 3750 vestrae
2811 3701 2924 3752 The
2949 3702 3095 3766 king’
3097 3720 3122 3752 s

679 3785 1056 3851 reverentia
1098 3784 1482 3871 majestatie,
1530 3790 1596 3850 et
1644 3789 1876 3851 contra
1919 3807 2100 3870 spem
2131 3785 2512 3864 multorum,
2556 3792 2852 3853 contra.

678 3887 1055 3973 opinionem
1122 3887 1600 3964 universorum,
1674 3907 1758 3950 ex
1835 3907 1965 3971 quo
2032 3885 2358 3951 Dominus
2431 3888 2787 3974 imperavit

679 3989 899 4054 ventis
946 3994 1015 4054 et
1060 3989 1227 4052 mari
1291 3987 1603 4054 universa
1653 3988 2084 4075 procellarum
2154 3989 2566 4075 perturbatio
2634 4013 2786 4056 con-

681 4092 977 4174 quievit;
1022 4090 1189 4156 vicit
1256 4091 1431 4156 enim
1497 4092 1681 4170 iram,
1749 4092 1916 4156 vicit
1959 4091 2204 4170 odium,
2270 4091 2438 4157 vicit
2504 4093 2786 4178 denique

682 4192 970 4278 seipsum
1018 4192 1106 4257 ad
1172 4213 1392 4276 preces
1445 4197 1699 4256 vestras
1762 4213 1881 4257 rex
1925 4191 2441 4277 potentissimuS,
2505 4199 2574 4258 et
2619 4215 2784 4281 prae-

748 4415 765 4449 ¹
799 4434 915 4479 non,
938 4417 1053 4468 Liv.
1711 4415 1721 4482 Ι
1840 4416 1862 4450 ²
1894 4416 2145 4478 discretis,
2169 4419 2236 4469 U.

746 4615 767 4639 ⁸
802 4609 873 4659 of
928 4608 1031 4659 this
1078 4609 1226 4660 letter
1270 4609 1414 4660 there
1458 4625 1543 4661 are
1586 4618 1686 4660 two
1777 4627 1911 4676 copy
1936 4611 2097 4676 (Ma,
2119 4628 2170 4677 p.
2199 4614 2320 4674 147)
2349 4627 2436 4663 are
2459 4615 2677 4666 denoted
2713 4617 2782 4680 by

683 4688 853 4752 copies
889 4687 942 4737 in
980 4689 1067 4738 the
1103 4687 1327 4738 vatican
1366 4690 1499 4753 MS„
1537 4694 1685 4739 602⁴.
1780 4689 1847 4740 U.

680 4768 788 4818 The
809 4767 1037 4832 peculim·
1058 4767 1295 4833 readings
1318 4768 1375 4819 of
1394 4767 1481 4818 the
1500 4770 1689 4819 second

2811 3784 2906 3817 con
2913 3785 3022 3817 ees·

2810 3833 2968 3885 8301]ss-
