3634 5800
654 919 785 972 Aa).
822 903 1049 991 1170.]
1540 921 1904 971 smsromz.
2627 907 2760 974 293

657 1112 1062 1174 monuerunt
1106 1113 1329 1173 tamen
1372 1129 1493 1174 vos
1559 1108 1757 1173 multi
1821 1107 2050 1174 fideles
2095 1107 2344 1173 vestri¹
2415 1107 2594 1194 quod
2637 1128 2758 1172 rex

655 1211 1025 1298 Anglorum
1071 1213 1438 1298 expugnari
1484 1210 1752 1296 quidem
1782 1211 2174 1276 austeritate
2218 1209 2480 1276 facilius
2523 1214 2762 1295 potest,

656 1313 771 1378 sed
815 1313 1004 1378 nulla
1046 1313 1571 1391 mansuetudine,
1620 1313 1822 1378 nullis
1865 1312 2198 1399 obsequiis
2242 1317 2364 1377 aut
2430 1311 2763 1377 beneficiis

656 1416 953 1481 emolliri.
1046 1415 1405 1480 Blanditur
1448 1414 1555 1480 his
1599 1437 1763 1502 quos
1808 1416 2020 1492 timet,
2066 1415 2186 1481 hos
2229 1414 2388 1482 colit
2431 1413 2764 1498 obsequiis

657 1539 821 1602 quos
885 1517 1079 1582 rebus
1141 1521 1263 1583 aut
1326 1515 1621 1582 moribus
1682 1523 1805 1583 aut
1867 1517 2262 1583 honestioris
2323 1515 2518 1581 famae
2565 1514 2766 1580 titulo

654 1619 917 1705 privare
947 1619 1289 1684 desiderat.
1368 1618 1443 1684 Si
1476 1619 1900 1684 monentibus
1929 1625 2092 1685 tunc
2119 1617 2382 1685 credere
2411 1615 2769 1696 noluistis,¹

654 1718 711 1784 si
757 1720 1021 1806 publica
1078 1720 1376 1785 omnium
1440 1721 1785 1786 attestatio
1831 1741 1994 1786 vera
2054 1741 2190 1786 non
2251 1718 2482 1797 movit,
2527 1718 2764 1783 saltem

654 1821 797 1907 ipsa
870 1821 1279 1908 experientia
1355 1820 1461 1886 vel
1534 1842 1715 1888 nunc
1788 1821 2186 1908 persuadeat
2258 1826 2331 1886 et
2411 1819 2764 1906 compellat

654 1927 915 1988 mutare
958 1923 1377 2000 sententiam,
1408 1928 1489 1987 ut
1532 1923 1936 2007 persecutori
1981 1923 2270 1989 ecclesiae
2313 1921 2764 2006 respondeatis

654 2045 774 2109 pro
820 2024 1093 2104 merit03
1146 2029 1217 2090 et
1277 2025 1396 2110 qui
1440 2021 1761 2090 Divinam
1808 2028 1882 2090 et
1923 2023 2352 2110 apostolicam
2399 2021 2766 2087 contemnit

652 2126 1119 2192 auctoritatem
1164 2126 1413 2192 sentiat
1440 2125 1832 2212 prophetam
1877 2147 2018 2192 esse
2063 2125 2136 2190 in
2182 2123 2408 2202 Israel,
2437 2127 2506 2188 et
2549 2122 2765 2187 zelum

655 2226 833 2292 Petri
899 2227 1199 2292 nondum
1261 2247 1305 2294 a
1371 2227 1525 2293 sede
1588 2226 1954 2313 apostolica
2017 2225 2366 2293 exsulasse.
2463 2225 2642 2292 Nam
2707 2225 2766 2290 si

654 2327 961 2395 inimicus
1037 2334 1141 2394 est
1214 2329 1507 2396 ecclesiae
1581 2333 1651 2394 et
1723 2329 2098 2396 schismatis
2171 2329 2476 2394 incentor
2570 2326 2768 2392 debet

653 2428 877 2514 puniri
924 2437 995 2495 et
1055 2430 1323 2508 conteri,
1369 2429 1427 2494 si
1474 2429 1725 2496 amicus
1778 2435 2048 2516 propter
2091 2428 2409 2515 obsequia
2451 2426 2764 2514 castigari

654 2535 727 2594 et
769 2530 1105 2598 emendari
1152 2535 1429 2617 oportet.
1526 2529 1661 2595 Sed
1704 2531 2136 2616 proverbium
2181 2537 2302 2609 est,

1010 2679 1045 2706 “
1082 2669 1343 2736 Timeri
1386 2669 1653 2736 Danaos
1698 2675 1769 2736 et
1812 2671 1987 2736 dona
2030 2667 2370 2736 ferentes.”
2789 2693 2936 2759 virg.
2959 2688 3083 2741 AEn.

657 2781 908 2893 Utique
982 2809 1207 2874 nuntii
1284 2808 1454 2896 regis
1528 2807 1900 2895 Anglorum
1975 2808 2458 2895 quodammodo
2547 2807 2768 2874 Danai
2788 2759 2841 2811 ἣ·
2865 2765 2946 2810 ⁴9,

657 2915 829 2988 sunt,
878 2912 1003 2977 etsi
1048 2932 1185 2977 non
1229 2912 1559 2977 consortio
1583 2908 1610 2949 ³
1650 2912 1934 2999 generis,
1973 2918 2118 2978 arte
2163 2918 2388 2979 tamen
2433 2916 2504 2977 et
2547 2911 2766 2977 imita-

656 3012 837 3077 tione
884 3012 1171 3077 Sinonis.
1264 3010 1359 3075 Hi
1406 3010 1595 3077 vobis
1624 3012 2146 3079 satisfactionem
2183 3012 2646 3099 promiserunt,
2692 3018 2767 3077 ut

658 3114 945 3181 ecclesiae
992 3114 1121 3179 Dei
1162 3112 1609 3179 calamitatem
1652 3114 2125 3200 protenderent
2169 3120 2238 3181 et
2282 3115 2592 3179 exsilium
2619 3136 2742 3181 nos

654 3222 855 3281 trum.
948 3216 1493 3301 Impetraverunt
1553 3220 1632 3279 ut
1698 3216 1918 3282 adhuc
1981 3216 2130 3280 Rex
2197 3216 2310 3281 ille
2374 3237 2493 3303 per
2557 3216 2769 3283 archi-

657 3316 1037 3404 episcopum
1084 3315 1683 3403 Rothomagensem
1752 3321 1824 3381 et
1866 3316 2244 3403 episcopum
2291 3316 2352 3382 N
2360 3318 2771 3383 ivernensem

656 3419 1135 3497 conveniretur,
1181 3418 1373 3504 quasi
1409 3418 1551 3503 jam
1598 3418 1761 3483 satis
1805 3425 2170 3487 conventus
2214 3441 2352 3484 non
2395 3420 2654 3496 fuisset,
2701 3426 2772 3485 et

654 3522 915 3589 malitia
958 3522 1103 3608 ejus
1147 3542 1285 3587 non
1329 3526 1748 3607 provocasset
1782 3521 2130 3606 judicium.
2221 3522 2534 3589 Clamant
2593 3523 2770 3588 enim

655 3631 887 3691 contra.
931 3623 1119 3688 illum
1165 3622 1307 3689 caeli
1353 3627 1425 3687 et
1466 3628 1665 3700 terra,
1706 3627 1777 3687 et
1817 3623 1958 3701 soli,
2004 3623 2120 3709 qui
2166 3624 2485 3691 lateribus
2529 3624 2768 3691 vestris

654 3726 968 3802 assident,
1012 3744 1148 3789 non
1210 3723 1499 3790 audiunt
1560 3724 1942 3791 cardinales.
2033 3724 2165 3791 Sed
2227 3734 2402 3793 certe
2469 3727 2768 3812 quisquis

655 3826 1079 3903 obsurdescit,
1154 3825 1265 3891 hic
1322 3825 1548 3890 audiet
1611 3826 1685 3890 in
1738 3826 1995 3911 judicio
2052 3826 2330 3893 verbum
2378 3850 2682 3915 asperum
2711 3824 2770 3892 :4

654 3939 689 3967 “
710 3930 815 3996 Ite
878 3928 1211 3995 maledicti
1280 3928 1353 3994 in
1414 3930 1635 4015 ignem
1704 3929 2080 3995 aeternum.''
2171 3930 2494 3999 Praefatus
2543 3937 2768 3997 autem

652 4030 1179 4117 archiepiscopus
1250 4036 1321 4096 et
1394 4032 1757 4118 episcopuS,
1833 4032 2128 4097 mandati
2205 4034 2408 4099 vestri
2485 4033 2768 4102 formam

656 4132 1064 4209 excedentes,
1145 4132 1499 4199 dilationes
1574 4132 1968 4221 indulgent;
2059 4134 2232 4221 regis
2305 4134 2770 4222 obtemperant

653 4234 1031 4315 voluntati;
1095 4240 1179 4312 et,
1249 4235 1391 4300 sive
1436 4256 1651 4301 errore
1697 4236 1838 4301 sive
1907 4235 2072 4313 dolo,
2131 4235 2330 4321 (sicut
2375 4260 2460 4303 ex
2528 4238 2768 4304 litteris

656 4357 819 4423 quas
883 4336 1071 4403 vobis
1141 4337 1477 4403 mittimus
1552 4338 1828 4423 potestis
1903 4338 2280 4423 advertere)
2366 4346 2770 4427 perpetuant

656 4439 943 4505 ecclesiae
1017 4438 1482 4506 calamitatem.
1574 4438 2052 4505 Londoniensis
2135 4441 2493 4528 episcopus,
2571 4462 2770 4528 quem

659 4562 779 4627 pro
844 4539 1191 4607 voluntate
1238 4547 1465 4609 vestra
1503 4542 1910 4629 praecepistis
1956 4542 2232 4624 absolvi,
2280 4548 2348 4608 et
2392 4542 2528 4630 qui,
2598 4542 2772 4611 sicut

726 4740 744 4775 ¹
775 4743 944 4803 vestri,
970 4740 1056 4801 A;
1092 4743 1270 4801 nostri,
1294 4743 1356 4794 11·
1833 4744 1856 4777 ³
1891 4743 2148 4806 consortii,
2171 4746 2234 4795 V.

720 4820 743 4854 ⁹
776 4818 1020 4885 voluistis,
1042 4822 1107 4873 A.
1702 4751 1721 4883 Ι
1824 4822 1846 4855 ⁴
1885 4838 2156 4891 aspersum,
2181 4823 2251 4873 V.
