3634 5800
589 897 649 946 A.
662 898 721 947 D.
758 880 980 964 1171.]
1457 895 1822 945 nr1sroLAE.
2574 880 2704 947 497

594 1107 834 1166 sumus,
903 1085 1237 1152 afferentis
1312 1086 1453 1171 ejus
1520 1086 1909 1171 rescriptum
1973 1086 2316 1151 continens
2385 1088 2574 1152 vobis
2637 1092 2706 1151 et

597 1186 864 1253 domino
909 1187 1295 1253 Belvacensi
1339 1187 1645 1273 episcopo
1690 1186 2206 1253 sollicitudinem
2269 1187 2706 1253 absolutionis

597 1294 841 1355 nostrae
915 1310 1053 1355 esse
1128 1288 1517 1375 injunctam.
1610 1288 1786 1368 Quia
1860 1288 2069 1375 igitur
2138 1311 2436 1375 personae
2517 1288 2703 1354 vobis

595 1389 929 1475 adjunctae
1003 1390 1288 1456 mutatio
1368 1396 1661 1456 vestrum
1755 1390 2098 1456 immutari
2171 1390 2484 1477 poscebat
2556 1411 2708 1455 con-

596 1492 839 1572 silium,
913 1492 1355 1559 incontinenti
1450 1492 1721 1557 nuntios
1796 1498 2056 1558 nostros
2132 1493 2220 1557 ad
2313 1492 2710 1580 praedictum

593 1596 977 1682 episcopum
1019 1594 1399 1672 direximus,
1444 1594 1695 1660 domini
1761 1616 1951 1680 papae
2019 1595 2409 1681 rescriptum
2473 1594 2536 1659 ei
2598 1593 2710 1658 de-

598 1697 900 1777 ferenteS‚
946 1703 1015 1763 et
1058 1696 1234 1762 diem
1279 1701 1349 1762 et
1413 1695 1629 1762 locum
1696 1696 1889 1761 nobis
1954 1696 2373 1782 designatum
2416 1718 2459 1761 a
2521 1694 2712 1761 vobis

600 1800 1002 1865 intimantes,
1096 1798 1229 1864 Sed
1274 1797 1585 1884 quoniam
1632 1818 1820 1863 casus
1865 1797 2170 1877 fortuiti,1
2216 1799 2331 1883 qui
2374 1798 2711 1885 provideri

602 1906 965 1987 nequeunt,
1040 1900 1567 1988 diligentissimis
1642 1901 1846 1964 etiam
1940 1900 2181 1986 saepius
2257 1902 2712 1981 adversantur,

602 2004 840 2071 incerti
884 2005 1001 2070 ubi
1047 2010 1168 2070 aut
1212 2003 1499 2089 qualiter
1542 2025 1613 2069 se
1675 2002 1928 2068 habens
1995 2004 2350 2089 praedictus
2410 2005 2712 2071 invenia-

600 2112 713 2172 tur
758 2106 1110 2194 episcopuS,
1157 2096 1635 2171 benevolentiae
1680 2111 1938 2182 vestrae,
1984 2106 2090 2171 cui
2136 2106 2210 2171 in
2253 2105 2482 2172 multis
2528 2113 2713 2175 tene-

605 2231 756 2273 mur
799 2208 1099 2285 obnoxii:
1134 2230 1357 2295 preces
1402 2207 1757 2273 affectuose
1821 2208 2238 2293 porrigimus,
2283 2213 2363 2274 ut
2431 2210 2711 2275 duorum

606 2312 715 2377 vel
787 2312 993 2376 trium
1071 2311 1327 2376 dierum
1403 2310 1619 2396 spatio
1692 2308 1874 2374 ultra
1948 2332 2150 2396 quam
2228 2311 2300 2375 in
2377 2314 2712 2398 proposito

605 2412 951 2490 habuistis,
1002 2412 1279 2478 Senonis
1324 2412 1597 2476 nuntios
1658 2416 1918 2477 nostros
1963 2414 2358 2498 exspectetis
2423 2420 2712 2501 reporta-

554 2510 559 2517 ’
606 2520 791 2581 turos
864 2515 1053 2580 vobis
1146 2513 1445 2599 praedicti
1539 2513 1829 2599 episcopi
1905 2534 2310 2598 responsum,
2387 2515 2444 2579 si
2531 2538 2717 2581 mora

608 2624 833 2683 tamen
877 2616 1206 2681 adventus
1268 2635 1493 2679 eorum
1558 2615 1629 2679 id
1673 2614 1815 2678 fieri
1887 2614 2342 2701 postulaverit.
2435 2615 2715 2681 Omnem

614 2719 791 2784 enim
837 2718 1062 2783 daturi
1108 2738 1335 2782 sumus
1380 2738 1647 2802 operam
1694 2722 1772 2781 ut
1841 2738 2093 2781 moram
2138 2717 2310 2783 hanc
2352 2720 2719 2803 praevenia-

612 2843 783 2899 muS,
860 2826 925 2885 et
1003 2824 1258 2884 statuto
1334 2817 1525 2885 nobis
1601 2817 1709 2882 die
1784 2821 1856 2883 et
1929 2817 2088 2897 1000,
2150 2819 2356 2897 vobis,
2434 2820 2720 2907 juvante

612 2925 917 3003 Domine,
965 2943 1392 2991 occurramus.

1460 3288 1855 3358 DOGLXII.

621 3451 1063 3518 GILEBERTUS
1110 3452 1633 3520 LONDONIENSIS
1664 3471 2037 3521 EPISCOPUS
2081 3472 2177 3520 AD
2221 3457 2726 3521 ALEXANDRUM

1534 3573 1782 3623 PAPAM.

1356 3705 1439 3768 (C.
1466 3711 1599 3765 2003
1634 3705 1697 3756 G.
1722 3707 1834 3756 Fol.
1865 3706 2004 3767 155.)

708 3834 890 3900 Patri
957 3856 1076 3900 suo
1145 3841 1213 3900 et
1289 3835 1575 3914 domino,
1636 3857 1892 3902 summo
1966 3836 2265 3922 pontifici
2327 3837 2727 3916 Alexandm,

619 3937 831 4002 frater
876 3936 1277 4001 Gillebertus
1324 3937 1807 4002 Lundoniensis
1854 3937 2136 4004 ecclesiae
2182 3939 2501 4035 minister,
2547 3940 2730 4004 debi-

622 4045 767 4103 tum
814 4039 1081 4105 omnino
1128 4038 1555 4124 subjectionis
1602 4046 1671 4105 et
1716 4039 2112 4106 obedientiae
2158 4041 2569 4107 famulatum.

708 4140 815 4203 Ad
862 4143 1173 4216 vestram,
1220 4144 1425 4224 pater,
1472 4139 2001 4227 indignationem
2071 4141 2398 4207 exhausta
2463 4143 2730 4209 fletibus
2755 4148 3035 4210 'rbanking

620 4247 689 4306 et
750 4261 1045 4305 aerumna
1110 4241 1397 4326 corporis
1467 4241 1597 4305 mei
1664 4241 1928 4326 jamdiu
1993 4241 2208 4306 virtus
2275 4242 2592 4329 elanguit,
2661 4251 2730 4309 et

2755 4215 2838 4264 for
2859 4215 3044 4280 partial

2755 4281 2976 4346 forgive-

621 4344 909 4408 obnoxia
953 4363 1231 4428 quaeque
1277 4342 1577 4408 sensibus
1622 4343 1854 4410 officiis
1920 4343 2236 4410 indevota
2299 4346 2436 4410 suis
2500 4348 2732 4412 innata
2757 4363 2891 4408 ³³⁸⁸,
2916 4347 3016 4396 and

622 4446 863 4511 doloris
938 4445 1162 4509 intimi
1239 4465 1427 4530 paene
1503 4445 1661 4511 fecit
1736 4446 2164 4510 immensitas.
2257 4447 2368 4510 Ad
2443 4454 2728 4514 vestram

2757 4412 3052 4478 expressing

2756 4480 2887 4544 hope
2911 4479 2975 4529 of

628 4548 805 4614 enim
881 4545 1290 4612 aversionem
1366 4546 1587 4612 factus
1664 4545 1842 4611 illico
1919 4568 2062 4610 sum
2147 4546 2360 4632 plebis
2434 4548 2734 4634 abjectiO,
2758 4562 2911 4597 more.

1489 4797 1506 4830 ¹
1538 4797 1787 4861 for-tuitii,
1811 4797 1872 4851 O.

800 4909 833 4943 o
904 4895 1082 4944 12478.
2378 4909 2406 4959 1
2435 4911 2464 4960 1
