3634 5800
609 887 741 940 an.
777 871 1000 958 1170]
1481 889 1843 940 nrrs‘rouz.
2588 880 2719 944 319

616 1095 816 1162 penes
877 1095 998 1140 vos
1065 1076 1146 1141 de
1217 1075 1486 1161 justitia
1551 1076 1934 1152 exercenda,
1987 1075 2045 1139 si
2106 1094 2241 1160 pax
2304 1095 2441 1140 non
2508 1077 2725 1154 fuerit,

621 1177 896 1245 celerius
934 1176 1450 1264 Rothomagensi
1481 1183 1550 1243 et
1579 1176 1945 1243 Turonensi
1974 1175 2475 1264 archiepiscopis
2505 1183 2723 1245 osten-

633 1278 893 1356 dantur,
925 1276 1160 1344 saltem
1205 1283 1286 1343 ut
1327 1277 1559 1344 audiat
1602 1276 1810 1343 hostis
1857 1283 1927 1344 et
1965 1281 2303 1343 terreatur.
2397 1277 2724 1347 Praeterea

637 1379 966 1445 desiderat
1009 1383 1090 1444 ut
1135 1400 1272 1445 suae
1317 1379 1684 1445 reddantur
1727 1378 2071 1444 Auxitano
2123 1385 2193 1444 et
2238 1365 2890 1466 Burdegalensi,s

640 1482 798 1567 quia
841 1487 910 1548 et
945 1502 1156 1548 causoe
1199 1481 1502 1568 prodesse
1549 1481 1808 1568 poterit,
1841 1486 1910 1547 et
1954 1481 2386 1567 persecutoris
2430 1483 2727 1550 minuere

625 1582 818 1660 vires,
853 1583 913 1647 si
944 1580 1018 1648 in
1051 1582 1422 1649 Guasconia
1461 1583 1765 1648 auditum
1811 1583 2015 1648 suerit
2044 1588 2287 1648 terram
2336 1583 2394 1670 ej
2402 1604 2479 1648 us
2523 1583 2726 1650 inter-

631 1684 810 1751 dicto
855 1683 1330 1770 subjiciendam
1376 1706 1529 1750 esse.
1641 1684 1816 1751 Nam
1863 1684 1950 1749 ad
1995 1684 2487 1762 Bituricensem,
2535 1686 2729 1772 quid-

635 1783 796 1868 quid
837 1784 920 1850 de
951 1785 1202 1872 guerris
1233 1786 1592 1873 contingat,
1617 1806 1875 1872 semper
1917 1783 2172 1851 facilior
2200 1784 2726 1874 probabiliorque

635 1888 939 1973 speratur
981 1906 1289 1953 accessus,
1381 1889 1471 1954 Et
1517 1887 1949 1953 memineritis
1995 1893 2317 1972 quantum
2362 1887 2727 1973 periculum

629 1993 698 2054 et
743 1986 1182 2054 infortunium
1227 1990 1315 2055 ad
1359 2011 1428 2055 se
1469 1989 1752 2055 traxerit
1795 2009 1979 2055 mora
2022 1988 2399 2075 porrigendi
2442 2010 2724 2057 conven-

627 2089 766 2156 tion
774 2089 908 2156 ales
951 2090 1434 2178 archiepiscopo
1479 2090 1997 2178 Rothomsgensi
2026 2096 2097 2155 et
2140 2089 2441 2176 episcopo
2486 2090 2727 2159 Niver-

625 2191 833 2270 nensi,
889 2195 961 2258 et
1030 2191 1193 2258 item
1255 2191 1722 2280 prohibitorias
1782 2192 2112 2258 Eboraeen
2120 2191 2175 2256 si
2242 2191 2725 2281 archiepiscopo

637 2298 708 2360 et
751 2292 1072 2380 episcopis
1115 2293 1587 2362 transmarinis.
1681 2293 1826 2360 Nec
1870 2293 2173 2359 dixeritis
2218 2314 2365 2379 quae
2410 2315 2722 2380 provene-

639 2400 801 2460 runt
873 2394 1064 2462 vobis
1088 2393 1114 2434 ²
1188 2417 1322 2462 non
1390 2396 1594 2462 fuisse
1670 2395 2002 2482 praedicta,
2074 2395 2187 2460 sed
2261 2395 2485 2482 potius
2530 2400 2727 2483 quod,

627 2495 922 2562 omnium
967 2497 1454 2584 auspicantium
1501 2518 1696 2574 more,
1729 2495 2171 2562 subtilitatem
2216 2501 2507 2562 vestram
2550 2499 2721 2564 vati-

637 2597 828 2674 ninia,
873 2619 1022 2683 quse
1083 2618 1218 2668 non
1269 2604 1459 2666 erant
1517 2619 1564 2664 a
1620 2597 1896 2686 spiritm.
1924 2597 2324 2663 deluserunt.
2442 2598 2724 2666 Utinam

628 2718 764 2764 non
809 2697 900 2766 sit
944 2699 1348 2786 deceptionis
1393 2698 1594 2786 hujus
1639 2700 1903 2766 morbus
1946 2697 2409 2784 irreparabilis,
2440 2702 2559 2767 sed
2594 2702 2725 2768 nisi

629 2799 910 2868 caelitus.
929 2800 1090 2868 data
1117 2798 1254 2881 sit?
1299 2801 1618 2870 relevatio
1636 2801 1659 2840 ⁸
1689 2799 1825 2868 seu*
1834 2800 2189 2868 consolatio
2234 2821 2369 2868 non
2398 2805 2681 2870 occurrit
2707 2830 2723 2886 3

633 2908 702 2969 et
744 2902 1012 2989 quidem
1077 2908 1271 2982 recte,
1317 2910 1398 2970 ut
1461 2905 1762 2983 arbitror,
1807 2924 1959 2973 cum
2018 2926 2137 2971 nos
2198 2903 2397 2970 alieni
2456 2906 2722 2994 ingenii,

637 3004 1224 3091 imaginationibus
1285 3006 1495 3085 vanis,
1542 3027 2083 3095 praesumeremus
2143 3006 2444 3072 evolvere
2510 3011 2721 3075 cordis

622 3105 898 3173 humani
942 3106 1246 3185 latebras,
1277 3128 1560 3195 quarum
1605 3108 1782 3175 solus
1828 3106 2009 3175 Deus
2054 3108 2303 3175 arbiter
2332 3112 2453 3175 est.
2526 3109 2721 3190 Quid,

630 3229 868 3293 quaeso,
913 3210 1130 3296 magis
1190 3208 1630 3287 temerarium,
1675 3214 1796 3275 aut
1848 3208 1920 3273 in
1981 3206 2216 3288 Deum,
2264 3207 2381 3295 qui
2423 3210 2545 3277 hoc
2588 3212 2721 3277 sin-

639 3309 886 3395 gularis
961 3310 1342 3379 eminentiae
1455 3311 1802 3398 privilegio
1894 3309 2247 3377 vendicat⁴
2344 3311 2725 3397 injuriosius

626 3415 726 3477 est
753 3409 822 3478 2⁶
909 3411 1088 3477 Nam
1147 3434 1219 3479 se
1271 3413 1488 3500 ipsum
1551 3432 1758 3489 nosse,
1791 3412 1993 3478 etism
2052 3411 2383 3498 Apollinis
2448 3415 2723 3492 oracu10,

634 3533 958 3579 summam
1019 3535 1158 3583 esse
1224 3515 1634 3602 sapientiam,
1681 3516 1847 3580 adeo
1908 3514 2175 3580 celebris
2234 3516 2567 3581 sententia
2626 3523 2728 3584 est

623 3614 802 3731 apud
845 3613 1290 3701 philosophos,
1321 3621 1402 3681 ut
1447 3616 1509 3681 ei
1554 3636 1748 3681 nemo
1793 3620 2096 3681 veterum
2141 3634 2339 3681 ausus
2384 3616 2474 3680 sit
2517 3617 2722 3684 refra-

617 3716 773 3803 gari.
870 3715 1028 3783 “De
1077 3717 1295 3783 coelo'’
1327 3718 1652 3834 siquidem
1686 3717 1791 3802 (ut
1832 3717 2099 3803 ajunt)‘
2103 3717 2474 3783 ‘descendit
2524 3719 2722 3788 Notis
2742 3742 2933 3794 Jerom.
2960 3742 3028 3791 xi.

621 3816 1008 3903 “elytonssss'
1037 3818 1227 3897 idest,
1259 3818 1442 3885 Scito
1471 3825 1540 3887 te
1571 3820 1806 3906 ipsum.
1891 3819 2064 3899 Quia
2109 3840 2262 3904 ergo
2293 3818 2400 3885 hic
2428 3818 2723 3889 humana
2746 3810 2823 3858 ²⁷·

632 3918 868 3996 deficit,
900 3925 970 3985 et
1015 3919 1313 4009 angelica
1357 3924 1629 3987 eatenus
1675 3942 1810 3987 non
1854 3921 2149 4006 attingit,
2196 3919 2333 3984 sola
2377 3920 2505 3986 Dei
2551 3924 2723 4011 sapi-

627 4021 808 4086 entia
865 4028 968 4087 est
1013 4043 1161 4108 quae
1229 4021 1501 4089 consilia
1563 4027 1631 4087 et
1692 4022 2119 4109 cogitationes
2182 4021 2526 4097 hominum
2588 4047 2723 4092 non

623 4121 1094 4208 imaginatione
1140 4122 1565 4209 phantastica
1609 4124 1894 4210 conjicit,
1926 4123 2041 4188 sed
2085 4123 2255 4188 sic-ut
2300 4130 2457 4190 sunt
2489 4146 2723 4213 usque-

617 4243 876 4309 quaque
920 4226 1266 4311 cognoscit.
1389 4226 1738 4292 Vatieiniis
1783 4246 1936 4313 ergo
1980 4226 2433 4291 renuntiemus
2479 4228 2720 4315 impos-

623 4332 860 4403 terum,
905 4327 1064 4411 quia
1107 4348 1226 4393 nos
1273 4328 1346 4393 in
1404 4328 1529 4395 hac
1572 4333 1760 4414 parte
1820 4328 2091 4415 gravius
2150 4328 2515 4395 infortunia
2575 4352 2719 4417 per·
2779 4403 2782 4409 ,

680 4532 696 4565 ¹
733 4530 891 4592 υοόίε,
915 4532 960 4583 O
981 4552 994 4592 ς
1031 4532 1193 4595 nobis,
1217 4533 1274 4583 L.
1777 4531 1798 4563 ⁵
1833 4539 1921 4593 est,
1946 4548 2045 4583 om.
2070 4535 2139 4584 V.

671 4610 692 4642 ²
725 4608 808 4673 sit,
833 4625 930 4659 om.
956 4611 1012 4661 Z.
1783 4610 1804 4641 ⁶
1845 4612 1973 4661 noeis
1987 4612 2173 4674 clyton,
2190 4612 2261 4671 V,
2280 4613 2321 4663 Z
2341 4636 2355 4674 ;
2379 4613 2719 4677 notisCIyton‚

673 4692 694 4723 ³
729 4688 991 4749 revelatio,
1016 4690 1072 4739 Z.
1717 4690 1786 4741 L.
1862 4690 2029 4753 (γνῶθι
2072 4689 2279 4739 σεαυτὸν
2326 4690 2386 4751 is,
2431 4691 2494 4741 of
2528 4707 2718 4753 course,

671 4769 692 4800 ⁴
726 4766 972 4827 vendicat,
995 4767 1058 4831 Ο,
1082 4769 1124 4819 Z
1133 4788 1147 4828 3
1191 4770 1346 4831 novit,
1367 4768 1428 4819 L.
1727 4770 1943 4833 meant.)
