3634 5800
606 876 741 930 Aa).
775 863 801 924 l
820 858 999 943 170.]
1480 871 1842 921 Er1sr0LAE.
2592 853 2722 918 331

604 1060 677 1122 et
720 1057 1013 1124 modeste
1078 1054 1450 1142 propositis,
1512 1053 1892 1140 rogavimus
1958 1052 2284 1119 attentius
2351 1057 2432 1116 ut
2499 1051 2702 1137 hujus

608 1159 899 1226 laesionis
942 1161 1191 1224 nostrae
1227 1157 1573 1242 jacturam,
1602 1177 1723 1242 pro
1768 1175 1989 1221 amore
2019 1154 2170 1234 Dei,
2199 1159 2272 1220 et
2313 1154 2534 1220 salute
2581 1175 2718 1231 sua,

608 1267 681 1326 et
737 1261 1097 1326 liberorum
1160 1257 1615 1335 indemnitate,
1683 1261 2034 1342 repararet,
2103 1261 2174 1320 et
2245 1260 2459 1322 tantae
2541 1277 2713 1340 prae-

610 1362 1005 1448 sumptionis
1033 1359 1416 1426 emendaret
1458 1379 1811 1426 excessum.
1891 1356 2014 1422 Ille
2059 1377 2218 1422 vero
2261 1377 2354 1435 se,
2383 1356 2466 1422 de
2513 1377 2706 1422 man-

609 1463 773 1528 dato
836 1467 1059 1527 vestro
1124 1459 1301 1546 quod
1362 1458 1619 1545 pridem
1670 1457 2078 1546 obtinuerat,
2147 1456 2468 1522 adversus
2529 1455 2706 1522 hanc

606 1563 999 1650 petitionem
1071 1565 1367 1627 nostram
1434 1565 1658 1626 tutum
1734 1579 1872 1624 esse
1947 1558 2341 1644 respondit3
2411 1563 2482 1624 et
2525 1578 2722 1643 super

614 1666 741 1732 hoc
781 1664 1036 1730 litteras
1082 1661 1473 1750 protulisse,1
1524 1660 1767 1747 quibus
1812 1661 2113 1726 constitit
2157 1660 2482 1748 episeopis
2537 1659 2708 1726 cele-

614 1765 903 1831 braturis
950 1763 1070 1830 hoe
1114 1784 1357 1828 munus
1402 1762 1531 1827 sibi
1572 1760 1910 1828 indultum
1955 1783 2114 1839 esse,
2143 1765 2223 1826 ut
2267 1760 2484 1826 filium
2520 1781 2722 1826 suum

614 1867 879 1944 faceret,
948 1888 991 1930 a
1052 1885 1465 1951 quocumque
1528 1863 1731 1928 vellet
1796 1863 2114 1949 episcope,
2181 1864 2502 1930 coronari.
2612 1861 2723 1927 Ad

615 1969 808 2054 quod,
854 1967 917 2034 ei
981 1967 1467 2054 respondentes
1530 1965 2048 2051 supplicavimus
2113 1971 2192 2030 ut
2234 1965 2578 2032 reduceret
2623 1965 2712 2030 ad

616 2071 917 2136 animum
962 2069 1227 2154 quando
1273 2075 1343 2133 et
1404 2087 1605 2152 quare
1662 2067 1922 2132 litteras
1989 2067 2420 2152 impetrasset,
2469 2064 2714 2151 quibus

616 2192 815 2235 suum
878 2175 947 2237 et
1012 2169 1465 2254 episcoporum
1538 2165 1884 2232 defendere
1951 2166 2291 2232 nitebatur
2359 2187 2716 2232 excessum.

624 2271 994 2337 Constabat
1077 2269 1253 2334 enim
1330 2289 1457 2346 eas,
1531 2267 1797 2353 quando
1875 2266 2374 2334 Oantuariensis
2451 2265 2722 2334 ecclesia

621 2373 923 2452 vacabat,
966 2392 1043 2436 eo
1088 2369 1423 2456 proposito
1466 2368 1671 2435 fuisse
1716 2369 2121 2456 impetratae,
2153 2390 2238 2436 ne
2285 2368 2722 2436 Eboracensis

619 2473 1168 2560 archiepiscopus,
1235 2473 1291 2535 si
1356 2469 1702 2556 praefatam
1766 2468 2312 2536 Oantuariensem
2387 2469 2728 2537 ecclesiam

624 2574 881 2639 diutius
925 2594 1159 2638 vacare
1205 2573 1627 2658 contingeret,
1672 2572 1759 2637 ad
1805 2572 2170 2638 innovandi
2231 2573 2404 2658 regis
2449 2593 2727 2640 corona-

626 2676 879 2742 tionem
920 2697 1057 2761 prae
1102 2675 1359 2740 caeteris
1400 2673 1756 2760 provinciae
1801 2679 2046 2740 nostrae
2091 2674 2410 2760 episcopis
2454 2674 2731 2740 auderet

627 2777 933 2862 aspirare.
1044 2783 1079 2810 “
1104 2776 1194 2840 Et
1258 2781 1353 2854 ut,
1422 2775 1685 2841 domine
1748 2776 1841 2839 mi
1916 2796 2051 2852 rex,
2119 2774 2261 2842 haec
2324 2774 2584 2841 fidelius
2662 2781 2731 2840 et

630 2888 664 2915 “
710 2877 1107 2945 familiarius
1152 2877 1475 2956 recolatis,
1518 2897 1739 2943 nonne
1783 2881 1945 2943 tunc
1997 2876 2218 2962 palam
2269 2876 2580 2943 solebatis
2627 2897 2734 2943 as-

624 2989 662 3017 “
712 3002 924 3045 serere
972 2978 1173 3065 quia²
1218 2980 1429 3043 filium
1474 2984 1766 3045 vestrum
1810 2979 2098 3045 malletis
2149 2978 2478 3057 decollari,
2525 3000 2724 3065 quam

628 3092 664 3119 “
710 3088 790 3147 ut
854 3102 1029 3168 saepe
1104 3082 1323 3146 dictus
1390 3080 1815 3146 Eboracensis
1891 3080 2095 3166 capiti
2171 3082 2317 3166 ejus
2392 3080 2736 3147 haereticas

631 3193 666 3220 “
716 3204 953 3249 manus
1021 3184 1439 3269 imponeret?
1550 3181 1821 3248 Certum
1889 3203 2044 3248 vero
2107 3188 2228 3260 est,
2297 3182 2474 3267 quod
2536 3182 2740 3269 priori

634 3294 669 3321 “
714 3284 1029 3351 mandato
1072 3306 1190 3374 per
1256 3284 1583 3369 posterius
1647 3284 2014 3370 derogatur.
2108 3284 2268 3348 Esto
2333 3305 2504 3370 erg0,
2551 3283 2730 3369 quod

630 3396 670 3423 “
714 3393 875 3452 tunc
896 3384 923 3422 ³
966 3386 1133 3451 tales
1178 3384 1437 3451 litteras
1481 3386 2035 3472 impetraveritis3
2077 3391 2322 3451 nostrae
2368 3407 2544 3463 vero,
2576 3387 2734 3471 quia

634 3496 671 3521 “
714 3486 1105 3573 posteriores
1151 3492 1324 3561 sunt,
1370 3486 1503 3551 illis
1534 3486 1901 3553 debuerant
1945 3487 2327 3573 derogasse:
2373 3487 2552 3553 unde
2582 3508 2736 3553 con-

636 3597 671 3623 “
716 3595 853 3655 stat
900 3588 1092 3654 vobis
1157 3592 1227 3653 et
1287 3587 1435 3651 aliis
1503 3588 1910 3674 sapientibus
1970 3588 2158 3673 cujus
2225 3588 2544 3654 momenti
2620 3588 2738 3653 ha·

634 3700 668 3725 “
717 3691 1007 3755 bendum
1068 3690 1159 3753 sit
1224 3689 1401 3774 quod
1462 3694 1691 3755 contra
1746 3690 1862 3775 jus
1931 3695 2321 3775 usurpatum
2384 3696 2508 3769 est,
2568 3710 2737 3776 prae·

636 3803 670 3828 “
718 3793 951 3858 sertim
1012 3814 1161 3859 cum
1180 3789 1207 3829 ⁴
1268 3792 1439 3877 regis
1506 3791 1924 3871 consecratio,
1969 3794 2139 3857 sicut
2183 3798 2254 3858 et
2319 3792 2453 3859 alia
2521 3812 2732 3859 sacra-

638 3902 675 3928 “
718 3899 965 3969 menta,
1012 3893 1092 3957 de
1130 3894 1280 3978 jure
1324 3912 1587 3959 causam
1632 3892 1893 3971 habeat,
1925 3900 1994 3959 et
2037 3898 2252 3959 totam
2295 3892 2739 3959 substantiam

643 4004 675 4028 “
724 3994 1157 4059 nanciscatur.
1251 3992 1485 4077 Neque
1528 3992 1673 4059 haec
1722 3994 1903 4060 dicta
1965 3995 2332 4071 videantur,
2381 3995 2560 4081 quod
2625 3996 2738 4059 de-

636 4102 673 4129 “
727 4090 990 4181 gradari
1037 4094 1318 4158 velimus
1363 4093 1576 4158 filium
1620 4102 1935 4175 vestrum,
1979 4101 2101 4161 aut
2145 4096 2216 4159 in
2261 4095 2484 4181 aliquo
2529 4096 2742 4161 mino-

637 4205 673 4230 “
725 4195 895 4275 rari3
969 4196 1126 4280 quia
1194 4216 1527 4260 successus
1590 4196 1733 4280 ejus
1809 4202 1879 4261 et
1943 4196 2440 4282 ampliationem
2512 4197 2740 4283 gloriae

647 4304 679 4331 “
732 4302 1139 4382 exoptamus,
1188 4301 1257 4360 et
1315 4296 1401 4361 ad
1449 4318 1592 4361 eam
1652 4296 2096 4362 laborabimus
2159 4298 2370 4362 modis
2439 4299 2744 4364 omnibus

640 4406 677 4432 “
726 4398 801 4461 in
843 4397 1175 4461 Domino:
1226 4398 1341 4461 sed
1371 4404 1451 4461 ut
1497 4398 2020 4483 indignationem
2053 4398 2522 4483 omnipotentis
2547 4398 2572 4436 5
2601 4399 2746 4477 Dei,

2445 4544 2740 4552 -—————

708 4600 723 4632 ¹
754 4599 986 4665 protulit,
1012 4599 1077 4649 L.
1448 4650 1459 4655 ,
1808 4602 1828 4632 ⁴
1865 4606 1984 4661 tum,
2009 4600 2075 4651 A.

708 4678 729 4710 2
764 4679 900 4741 quia,
922 4678 991 4739 A,
1012 4678 1079 4736 Z;
1117 4679 1267 4741 quod,
1291 4680 1349 4727 L.
1434 4670 1443 4677 ’
1811 4680 1832 4709 ⁵
1865 4680 2226 4743 omnipotentis,
2249 4680 2308 4741 Z,
2333 4680 2405 4741 G;
2442 4694 2543 4731 om.
2567 4682 2628 4731 L.

706 4756 730 4789 ³
764 4772 893 4805 nnnc
936 4756 983 4806 O
1026 4756 1151 4806 with
1176 4757 1254 4806 vel
1276 4763 1393 4806 tuuc
1416 4756 1465 4805 in
1480 4771 1641 4819 marg.
