3634 5800
545 2282 848 2332 Abnolution

544 2348 604 2396 ot
617 2362 824 2398 excom-

543 2415 840 2464 municates.

539 2890 647 2941 The
664 2890 833 2958 king’s

540 2957 763 3021 slippery

539 3023 814 3074 character.

533 3824 668 3873 How
685 3832 740 3876 to
758 3834 846 3891 get

532 3892 772 3958 security.

885 845 1015 911 248
1765 867 2125 924 ErlsroLAE.
2609 852 2766 946 [Ap.
2802 859 2996 931 1170.

887 1048 1072 1113 nullo
1136 1051 1331 1115 modo
1398 1053 1610 1138 possit
1675 1055 1911 1134 evinci,
1956 1079 2091 1135 vos,
2141 1057 2332 1142 quasi
2398 1061 2538 1146 regi
2601 1062 3011 1144 condescenq

887 1149 1138 1227 denteS,
1183 1151 1308 1216 hac
1361 1155 1686 1238 petitione
1749 1157 1963 1222 dilata
2008 1163 2077 1222 et
2140 1161 2420 1245 pecunia
2486 1163 2673 1226 nulla
2736 1165 2994 1228 ratione

887 1255 1173 1332 remissa,
1220 1254 1494 1319 formam
1544 1259 1725 1341 pacis
1771 1280 1920 1342 quae
1965 1261 2039 1324 in
2085 1263 2417 1346 prioribus
2462 1264 2761 1329 articulis
2824 1287 2993 1350 prae-

886 1355 1088 1419 missa
1133 1360 1235 1420 est
1278 1355 1630 1442 recipiatis.
1712 1359 1915 1424 Scitis
1960 1363 2139 1426 enim
2186 1385 2271 1427 ex
2317 1363 2563 1428 litteris
2610 1387 2773 1450 quas
2804 1365 2995 1429 vobis

889 1456 1193 1521 dominus
1239 1479 1414 1543 papa
1457 1461 1848 1538 transmisit,
1896 1464 2071 1548 quod
2116 1464 2369 1529 nullam
2414 1467 2833 1531 remittendae
2878 1487 2997 1552 pe-

887 1560 1100 1624 cuniae
1144 1559 1406 1626 habetis
1451 1564 1933 1641 auctoritatem,
1976 1566 2091 1650 qui
2138 1567 2339 1632 etiam
2385 1588 2544 1653 pace
2590 1569 2765 1633 sacta
2808 1573 2992 1632 tene-

887 1661 1053 1725 mini
1101 1662 1315 1746 ipsum
1363 1664 1712 1730 convenire
1756 1687 1957 1750 super
2017 1667 2277 1754 integra
2322 1670 2747 1734 restitutione
2807 1669 2989 1734 abla-

885 1769 1124 1840 torum,
1149 1767 1217 1828 et
1261 1765 1484 1850 pravis
1515 1767 2101 1832 consuetudinibus
2132 1770 2487 1835 abolendis
2566 1771 2763 1848 Nam,
2794 1775 2874 1835 ut
2918 1771 2991 1834 in

882 1864 1125 1930 litteris
1171 1865 1257 1930 ad
1301 1887 1522 1951 regem
1570 1868 1782 1932 missis
1830 1859 2207 1954 expressum
2256 1877 2373 1949 est,
2416 1894 2539 1938 vos
2590 1872 2676 1937 ad
2722 1893 2988 1937 exsecu-

884 1967 1132 2031 tionem
1163 1967 1344 2053 pacis
1369 1969 1552 2032 misit
1575 1969 1882 2034 dominus
1906 1991 2098 2056 papa,
2124 1977 2192 2036 et
2222 1978 2301 2036 ut
2329 1994 2446 2059 per
2468 1994 2587 2038 vos
2611 1973 2993 2038 melioretur

882 2068 1175 2133 conditio
1222 2069 1527 2146 ecclesiae,
1573 2075 1642 2134 et
1685 2070 2212 2158 archiepiscopus
2258 2079 2328 2139 et
2370 2074 2475 2138 sui
2530 2074 2601 2138 in
2644 2075 2830 2140 nullo
2876 2075 2989 2140 lae-

884 2170 1142 2234 dantur.
1225 2170 1497 2234 Nullam
1528 2171 1705 2234 enim
1736 2173 1810 2234 in
1857 2172 1979 2237 hac
2010 2180 2197 2258 parte
2239 2175 2495 2240 habetis
2518 2175 2541 2213 ¹
2573 2181 2988 2262 potestatem.

976 2271 1270 2350 Quartus
1315 2270 1634 2335 articulus
1689 2278 1791 2336 est
1837 2271 1919 2336 de
1984 2273 2396 2341 absolutione
2460 2277 2984 2340 excommunica-

883 2377 1124 2450 torum,
1185 2373 1257 2436 in
1328 2394 1460 2458 qua
1522 2373 1710 2438 vobis
1782 2374 2033 2460 duplex
2098 2377 2355 2441 cautela
2429 2377 2793 2442 necessaria
2868 2381 2987 2442 est.

881 2471 1124 2550 Primo,
1170 2479 1250 2537 ut
1292 2473 1481 2538 nulla
1545 2475 1804 2539 ratione
1853 2496 1998 2540 eam
2024 2474 2050 2513 2
2113 2476 2371 2541 faciatis
2434 2478 2567 2541 m'si
2629 2483 2809 2542 certa
2872 2500 2987 2563 spe

877 2576 1061 2660 pacis
1106 2581 1176 2641 et
1222 2575 1774 2641 reconciliationis
1822 2583 2105 2662 accepta.
2204 2578 2520 2656 SecundO,
2569 2586 2649 2643 ut
2705 2580 2985 2657 nullum,

876 2679 1008 2742 nisi
1069 2678 1452 2762 juramento
1514 2676 1898 2742 solemniter
1964 2684 2030 2742 et
2095 2680 2357 2764 publice
2426 2682 2724 2766 praestito
2782 2681 2989 2766 juxta

877 2781 1266 2845 mandatum
1288 2771 1765 2864 apostolicum,
1799 2779 2200 2856 absolvatis}
2248 2803 2370 2846 nec
2414 2783 2589 2846 enim
2636 2782 2831 2846 aliter
2876 2803 2985 2846 eos

875 2881 1154 2967 potestis
1222 2880 1576 2945 absolvere.
1689 2880 1822 2946 Sed
1892 2883 2216 2967 quomodo
2285 2888 2531 2948 certam
2599 2883 2983 2969 concipietis

875 3006 1058 3069 spem
1107 2983 1209 3069 'ab
1271 2983 1538 3047 homine
1601 2982 1871 3061 lubrico,
1937 2984 2127 3068 cujus
2188 2984 2394 3049 verba
2468 2990 2537 3048 et
2602 2984 2985 3069 juramenta

877 3089 1152 3154 eandem
1216 3089 1356 3152 vim
1421 3088 1684 3165 habent,
1757 3094 1827 3152 et
1894 3089 2039 3173 pari
2115 3096 2274 3154 sunt
2348 3090 2532 3156 lance
2593 3092 2979 3176 pensanda?

874 3190 1158 3255 Difficile
1205 3190 1472 3275 quidem
1519 3195 1655 3269 est3
1716 3190 1772 3253 si
1820 3194 2046 3254 tamen
2090 3190 2318 3255 induci
2378 3197 2602 3277 posset
2649 3197 2725 3255 ut
2769 3192 2978 3275 aliqui

874 3296 1261 3378 magnatum
1330 3291 1535 3377 regni,
1601 3290 1824 3376 plures
1886 3296 2007 3355 aut
2081 3292 2317 3356 saltem
2392 3315 2583 3369 unus,
2662 3293 2977 3357 mandato

875 3397 1016 3481 ejus
1051 3396 1358 3479 jurarent
1407 3394 1584 3478 quod
1629 3393 1910 3457 formam
1958 3395 2136 3479 pacis
2168 3394 2453 3460 fideliter
2498 3401 2567 3459 et
2611 3396 2754 3459 sine
2799 3396 2977 3461 malo

873 3498 1138 3581 ingenio
1185 3517 1302 3559 rex
1351 3499 1835 3579 exsequeretur,
1884 3500 1952 3558 et
1998 3495 2285 3580 episcopi
2338 3496 2755 3581 fidejussores
2801 3497 2973 3561 exis-

869 3602 1105 3675 terent,
1153 3602 1376 3683 posset
1427 3596 1570 3663 haec
1636 3596 1864 3680 aliqua
1926 3596 2153 3681 imago
2214 3598 2636 3662 certitudinis
2704 3598 2974 3662 interim
3086 3678 3089 3681 ἦ

869 3700 1011 3764 cred
1021 3700 1059 3763 i.

962 3802 1438 3865 Verumtamen
1483 3800 1538 3863 si
1607 3800 1668 3864 ei
1739 3800 2121 3886 persuaderi
2188 3821 2326 3864 non
2390 3804 2611 3885 potest
2684 3806 2763 3863 ut
2828 3799 2971 3883 jam

873 3904 1082 3967 dictas
1126 3902 1428 3988 praestari
1474 3901 1675 3965 faciat
1719 3902 2073 3977 cautioneS,
2108 3902 2419 3986 exigatur
2464 3905 2543 3963 ut
2586 3901 2974 3985 patentibus

871 4005 1134 4080 litteris,
1179 4004 1395 4089 sigillo
1441 4024 1560 4067 suo
1620 4004 1917 4080 munitiS,
1961 4002 2087 4069 hoc
2154 4003 2398 4068 scribat
2466 4002 2967 4087 archiepiscope,

871 4113 940 4171 et
987 4107 1148 4170 item
1212 4106 1403 4183 aliis3
1467 4106 1539 4167 in
1609 4106 1889 4169 eundem
1953 4105 2225 4170 modum
2294 4104 2561 4169 domino
2606 4125 2832 4189 papae;
2902 4110 2971 4169 et

867 4208 1058 4272 vobis
1103 4207 1411 4270 similiter
1453 4205 1708 4283 tertiis;
1752 4228 1838 4271 ne
1884 4206 2045 4289 quid
2092 4228 2177 4270 ex
2220 4206 2760 4290 contingentibus
2806 4206 2967 4270 omi-

871 4309 1029 4372 sisse
1075 4308 1454 4383 videamini,
1502 4312 1571 4371 et
1614 4307 1825 4371 nimia
1868 4308 2188 4372 facilitate
2234 4308 2397 4372 certi
2443 4306 2647 4371 fuisse
2693 4307 2773 4371 de
2820 4329 2968 4392 pro-

869 4412 1180 4475 missione
1241 4410 1529 4473 hominis
1577 4410 1684 4474 cui
1728 4404 1871 4472 vix'
1896 4430 2194 4494 unquam
2240 4410 2381 4473 sine
2426 4408 2716 4495 periculo
2762 4410 2969 4473 credi-

869 4518 996 4575 tur.
1135 4511 1466 4576 Praeterea
1555 4511 1993 4596 possessiones
2069 4510 2357 4575 ecclesiae
2448 4510 2673 4574 tradat
2765 4511 2973 4588 vobiS,

931 4740 947 4772 ¹
984 4739 1231 4801 habeatis,
1255 4742 1323 4801 A,
1352 4741 1414 4791 Ο.
1904 4738 1915 4807 Ι
2032 4739 2055 4771 ²
2089 4754 2213 4799 eam,
2234 4738 2307 4800 A,
2332 4737 2397 4799 O,
2429 4738 2504 4797 Z;
2540 4752 2661 4798 eum,
2684 4736 2768 4796 V;
2804 4736 2876 4798 id,
2901 4736 2968 4789 L.
