3634 5800
535 878 667 928 ΑΛ).
703 862 931 946 1172.]
1415 874 1778 923 EPISTOLAE.
2056 868 2068 880 ·
2526 857 2648 920 521

539 1063 973 1149 processimus
1036 1063 1402 1141 civitatem,
1465 1064 1551 1128 ad
1620 1083 1838 1148 quam,
1910 1061 2263 1126 Dominica
2308 1080 2441 1146 qua
2508 1080 2658 1146 can-

540 1169 727 1231 tatur
813 1163 1048 1230 Vocem
1111 1163 1588 1250 jocunditatis,
1655 1165 2083 1229 convenimus
2159 1185 2308 1228 cum
2368 1160 2662 1248 personis
2688 1160 2894 1221 sunday

542 1266 847 1353 plurimis
916 1273 985 1332 et
1048 1267 1189 1353 ipse
1250 1267 1609 1343 nobiscum,
1672 1271 1741 1332 et
1807 1287 1958 1331 cum
2026 1270 2220 1330 tanta
2285 1262 2663 1328 humilitate
2689 1225 2998 1344 ffilension.

545 1369 721 1454 quod
796 1368 1017 1434 fuerat
1078 1361 1455 1433 condictum
1530 1367 1856 1454 implevit,
1921 1373 2001 1432 ut
2075 1366 2266 1432 Illius
2331 1365 2666 1430 exstitisse
2689 1361 2818 1446 31⁸5
2837 1361 2917 1407 28·

546 1492 709 1556 opus
757 1469 899 1535 sine
944 1469 1361 1536 dubitatione
1428 1471 1735 1535 credatur
1798 1470 1916 1554 qui
1981 1468 2250 1554 respicit
2307 1473 2552 1532 terram
2598 1471 2668 1530 et

548 1572 709 1638 facit
776 1593 923 1636 eam
998 1577 1295 1650 tremere,
1360 1572 1474 1657 qui
1553 1572 1772 1658 tangit
1840 1575 2097 1636 montes
2161 1575 2230 1634 et
2290 1566 2668 1654 fumigant.1

551 1674 727 1740 Sane
789 1695 989 1760 quam
1058 1675 1445 1740 timoratum
1518 1674 1679 1752 De0,
1725 1697 1923 1760 quam
1994 1673 2410 1738 obedientem
2473 1670 2671 1736 eccle-

549 1777 665 1842 siae
742 1798 812 1840 se
890 1776 1229 1842 curaverit
1304 1777 1631 1855 exhibere,
1710 1798 1844 1840 non
1930 1780 2032 1840 est
2109 1796 2273 1860 opus
2355 1775 2668 1860 praesenti

551 1877 1051 1946 abbreviatione
1096 1878 1360 1943 referre.
1456 1879 1634 1943 Satis
1698 1879 1874 1944 enim
1937 1878 2146 1964 ipsius
2207 1897 2403 1962 opera
2464 1876 2669 1940 mani-

550 1981 801 2044 festant
846 1985 915 2044 et
961 1980 1487 2045 manifestabunt
1548 1980 1762 2044 adhuc
1825 1978 2102 2064 plenium,
2148 1978 2323 2044 sicut
2367 1982 2437 2043 et
2480 1977 2671 2041 nobis

555 2103 703 2168 spes
750 2081 911 2146 data
955 2087 1057 2146 est
1102 2081 1173 2144 in
1221 2081 1541 2146 futurum.

646 2183 945 2248 Primum
1022 2183 1271 2270 itaque,
1348 2206 1544 2270 super
1634 2189 1915 2248 mortem
2007 2190 2254 2248 sanctae
2343 2184 2674 2248 memoriae
2699 2197 2960 2274 'rems-of

556 2286 825 2350 Thomae
896 2285 1230 2370 quondam
1306 2285 1802 2351 Cantuariensis
1847 2285 2336 2372 archiepiscopi,
2397 2307 2533 2350 non
2594 2286 2674 2349 de
2699 2279 2924 2380 {gfff

556 2392 789 2453 nostra
878 2388 1225 2478 exactione
1316 2389 1429 2452 sed
1521 2388 1602 2452 de
1693 2389 1959 2474 propria
2037 2388 2402 2464 voluntate,
2479 2388 2676 2453 tactis

559 2490 991 2556 sacrosanctis
1052 2491 1431 2576 evangeliiS,
1478 2511 1665 2553 suam
1713 2491 2180 2556 conscientiam
2231 2489 2671 2576 expurgavit3

551 2593 787 2680 jurans
818 2592 1145 2669 videlicet,
1178 2593 1353 2678 quod
1382 2614 1503 2656 nec
1532 2593 1845 2677 praecepit
1887 2613 2006 2657 nec
2037 2592 2268 2668 voluit,
2299 2598 2370 2657 et
2414 2592 2677 2677 quando

562 2693 827 2760 audivit
886 2694 1312 2759 vehementer
1373 2694 1603 2759 doluit..
1714 2694 1889 2774 Quia
1970 2716 2119 2758 vero
2188 2694 2365 2780 quod
2425 2694 2678 2760 factum

562 2798 785 2862 fuerat
830 2817 911 2860 ex
960 2817 1080 2860 sua
1124 2797 1461 2861 occasione
1508 2795 1758 2860 factum
1814 2817 1952 2860 esse
2013 2796 2314 2873 timebat,
2361 2796 2442 2860 de
2488 2795 2680 2859 satis-

562 2899 855 2965 factione
901 2899 1277 2984 praestanda
1323 2898 1457 2963 tale
1519 2898 1834 2983 praestitit
1892 2898 2348 2983 juramentum
2385 2923 2398 2962 z
2460 2897 2680 2962 Primo

566 3001 852 3087 quidem,
889 3002 1151 3086 juravit
1197 3000 1374 3087 quod
1420 3022 1461 3065 a
1506 3001 1772 3066 domino
1827 3007 2052 3065 nostro
2097 2986 2272 3087 papa
2305 3001 2682 3067 Alexandro

566 3110 637 3168 et
699 3102 755 3188 ej
767 3125 843 3166 us
903 3102 1246 3168 catholicis
1308 3102 1784 3168 successoribus
1847 3124 1980 3166 non
2043 3103 2319 3181 recedet,
2365 3102 2683 3189 quamdiu

568 3226 720 3270 eum
766 3206 941 3269 sicut
985 3204 1384 3270 catholicum
1430 3226 1651 3289 regem
1697 3210 1767 3268 et
1814 3203 2266 3270 Christianum
2311 3205 2683 3281 habuerint,

567 3312 637 3372 et
698 3306 821 3371 hoc
889 3306 1111 3391 ipsum
1174 3306 1334 3371 fecit
1389 3308 1616 3392 jurare
1692 3305 1906 3369 filium
1975 3328 2168 3371 suum
2237 3308 2550 3392 majorem
2613 3306 2688 3370 in

569 3409 797 3473 charta
819 3408 846 3443 ⁹
908 3408 1339 3473 absolutionis
1386 3430 1504 3493 pro
1570 3414 1782 3472 morte
1852 3406 2031 3473 beati
2083 3408 2400 3475 Τὶιοιῑιεθ.2
2488 3410 2535 3474 J
2537 3430 2685 3474 ura-

569 3510 675 3574 vit
721 3510 923 3575 etiam
956 3510 1135 3594 quod
1167 3530 1374 3594 usque
1418 3510 1507 3573 ad
1552 3531 1803 3573 annum
1834 3514 2094 3575 tantam
2123 3512 2468 3596 pecuniam
2499 3511 2689 3576 dabit

574 3612 963 3697 templarii-a,
1012 3612 1190 3677 unde
1235 3612 1320 3676 ad
1377 3610 1822 3675 defensionem
1873 3619 2066 3677 terrae
2111 3612 2688 3699 Jerosolymitanae

572 3712 842 3779 ducenti
886 3712 1131 3777 milites
1163 3714 1433 3777 valeant
1478 3713 1763 3777 retineri.
1840 3715 1948 3778 Ab
1980 3715 2260 3780 instanti
2291 3736 2448 3781 vero
2494 3715 2558 3779 N
2565 3718 2689 3780 ati-

571 3816 787 3881 vitate
865 3816 1140 3880 Domini
1216 3837 1427 3900 usque
1496 3814 1584 3880 ad
1632 3815 1996 3879 triennium
2067 3838 2328 3883 crucem
2397 3818 2691 3903 accipiet,

572 3917 875 4003 sequenti
957 3921 1191 3982 aestate
1281 3916 1773 4002 serus-elymam
1865 3918 2295 4003 profecturus,
2370 3920 2501 3984 nisi
2575 3942 2693 4007 per

573 4019 919 4083 dominum
966 4039 1208 4104 papam
1254 4019 1518 4083 steterit
1549 4018 1658 4082 vel
1703 4018 1846 4104 ejus
1879 4019 2232 4085 catholicos
2277 4043 2690 4087 successores,

578 4118 652 4185 Si
698 4141 855 4185 vero
922 4120 1193 4185 interim
1259 4141 1380 4205 pro
1442 4120 1835 4185 necessitate
1899 4122 2163 4208 urgenti
2223 4130 2452 4190 contra
2499 4124 2690 4191 Sara-

576 4244 771 4289 cenos
832 4224 905 4285 in
966 4222 1366 4307 Hispaniam
1429 4222 1650 4302 iverit,
1697 4231 2023 4307 quantum
2085 4227 2400 4311 temporis
2460 4227 2533 4290 in
2577 4228 2691 4292 illo

578 4324 819 4389 itinere
894 4324 1391 4409 consumpserit,
1458 4324 1859 4390 tantundem
1936 4326 2327 4410 praedictum
2401 4330 2692 4414 spatium

576 4427 965 4513 prolongare
1040 4426 1302 4511 poterit.
1423 4425 1783 4509 Abjuravit
1859 4428 2056 4492 etiam
2138 4450 2362 4494 omnes
2425 4452 2692 4496 consue-

455 4585 480 4607 ,
581 4528 848 4593 tudines
918 4550 1063 4613 quae
1132 4534 1363 4593 contra
1423 4528 1725 4595 ecclesias
1786 4530 1975 4615 regni
2051 4532 2155 4595 sui
2219 4538 2513 4618 tempore
2573 4556 2693 4599 suo

654 4774 669 4807 ¹
708 4775 796 4839 qui
832 4810 845 4824 .
884 4812 894 4825 .
934 4812 947 4826 .
968 4774 1251 4839 sumiqant,
1274 4790 1375 4825 om.
1400 4774 1459 4824 B.
1646 4772 1657 4841 Ι
1786 4775 1807 4807 ²
1843 4778 1896 4826 in
1922 4776 2106 4829 charta
2142 4818 2153 4829 .
2192 4818 2204 4831 .
2243 4818 2254 4831 .
2300 4781 2504 4845 Tkomoe,
2531 4785 2603 4834 B.
