3634 5800
762 879 894 930 Aa).
932 864 1058 934 117
1066 868 1155 951 0.]
1636 884 1999 934 nrls'mnAE.
2739 874 2866 937 295

1612 1272 2017 1339 DCLXVII.

758 1425 1197 1491 GILEBERTUS
1229 1425 1521 1490 LONDON
1528 1441 1746 1489 IENSIS
1796 1443 1838 1489 E
1847 1442 2160 1492 PISCOPUs
2193 1441 2292 1492 AD
2340 1429 2488 1493 ALE.
2497 1445 2544 1492 X
2555 1443 2856 1496 ANDRUM

1681 1543 1932 1592 PAPAM.

1494 1677 1578 1739 (c.
1606 1680 1734 1735 1943
1770 1676 1834 1726 G.
1859 1677 1968 1726 Fol.
2002 1679 2140 1738 154.)

848 1803 1031 1869 Patri
1094 1826 1215 1869 suo
1282 1810 1352 1870 et
1426 1804 1691 1870 domino
1761 1825 2018 1870 summo
2081 1807 2378 1892 pontifici
2457 1807 2856 1888 Alexandro,

757 1905 961 1970 frater
994 1904 1394 1971 Gillebertus
1444 1905 1927 1970 Lundoniensis
1959 1906 2243 1972 ecclesiae
2291 1907 2607 1986 minister,
2640 1915 2858 1976 totum

756 2007 932 2091 quod
978 2007 1049 2070 in
1095 2028 1164 2071 se
1208 2011 1427 2092 potest
1470 2006 1743 2071 humilis
1788 2013 1858 2071 et
1916 2007 2000 2071 ad
2049 2007 2488 2073 obediendum
2551 2017 2858 2096 prompta

754 2109 1035 2175 devotio

843 2211 1121 2276 Dilectae
1168 2211 1350 2289 mihi,
1396 2219 1601 2299 pater,
1647 2216 1716 2277 et
1760 2211 2114 2298 diligendae
2159 2233 2414 2298 semper
2458 2213 2529 2276 in
2571 2213 2855 2278 Domino
2879 2220 3088 2272 Thanks
3111 2229 3164 2272 ιο

755 2313 1099 2378 sanctitati
1164 2319 1403 2378 vestrae
1448 2314 1813 2400 gratiarum
1883 2314 2092 2378 refero
2160 2314 2320 2378 totis
2389 2314 2628 2380 animae
2692 2337 2855 2382 mese
2881 2286 2968 2336 the
2993 2303 3142 2352 ⁹⁰9³·

751 2413 1009 2478 viribus
1052 2415 1361 2490 actiones,
1397 2415 1573 2499 quod
1604 2413 1965 2500 apostolica
2011 2413 2174 2477 mihi
2222 2415 2473 2480 viscera
2501 2415 2858 2483 clementer

752 2517 1069 2600 aperienS,
1119 2521 1189 2581 et
1255 2517 1327 2580 in
1370 2517 1758 2581 necessitate
1823 2537 2082 2580 summa
2125 2517 2452 2581 anxietati
2515 2541 2678 2584 meae
2745 2520 2854 2606 pie

753 2619 1175 2703 compatienS,
1241 2617 1461 2683 oculos
1510 2619 1579 2681 in
1646 2639 1753 2682 me
1816 2618 2278 2682 misericordiae
2342 2620 2721 2698 reduxistiS,
2768 2627 2853 2698 et,

751 2718 857 2783 cui
904 2719 1135 2782 mortis
1205 2718 1449 2802 injuste
1514 2718 1825 2784 nectebat
1871 2717 2136 2803 laqueos
2203 2719 2616 2785 adversantis
2687 2721 2854 2786 mihi

751 2820 1099 2905 potestatis
1166 2819 1537 2895 austeritas,
1593 2819 1663 2883 in
1732 2819 1946 2884 vitam
2017 2841 2121 2885 me
2184 2822 2504 2907 respirare
2573 2828 2852 2909 paterna

751 2922 1017 2986 tandem
1065 2922 1342 2987 caritate
1388 2922 1713 2999 voluistis,
1780 2922 1855 2985 in
1920 2922 2020 2987 ira
2064 2922 2150 3007 (si
2197 2945 2330 3009 qua
2372 2924 2538 3010 fuit)
2603 2948 2850 2993 memor

744 3024 1221 3101 misericordiae,
1315 3027 1534 3088 totum
1624 3028 1849 3089 tamen
1932 3024 2108 3109 quod
2183 3026 2482 3111 oportuit
2562 3026 2850 3111 justitiae

748 3146 1090 3190 reservans
1137 3131 1205 3189 et
1250 3123 1641 3210 disciplinae.
1734 3123 1929 3203 Quod
1998 3123 2291 3208 profecto
2335 3126 2724 3193 beneficium
2772 3151 2848 3195 eo

746 3226 911 3291 mihi
974 3226 1247 3312 gratius,
1312 3226 1634 3313 longeque
1704 3230 2056 3311 reputatur
2137 3228 2606 3313 acceptabilius
2671 3232 2850 3315 quod.

747 3351 881 3394 non
928 3329 1009 3393 ad
1058 3350 1277 3414 preces
1324 3328 1554 3415 regiae,
1599 3349 1733 3391 non
1778 3328 1865 3392 ad
1911 3327 2272 3394 multorum
2320 3330 2392 3394 in
2438 3330 2510 3396 id
2554 3339 2852 3415 porrecta

746 3430 1075 3516 suffragia,
1131 3451 1265 3494 non
1328 3429 1412 3493 ad
1460 3449 1659 3514 opum
1706 3428 1936 3493 oblata
1980 3430 2274 3515 pondera
2335 3452 2452 3496 seu
2514 3434 2850 3516 promissa,

746 3530 861 3596 sed
906 3532 987 3595 de
1033 3532 1216 3595 fonte
1262 3531 1560 3597 caritatis
1605 3529 2026 3608 lucidissimo,
2071 3538 2334 3617 pectore
2382 3532 2631 3599 scilicet
2659 3555 2846 3620 apos-

744 3634 959 3711 tolico,
1029 3635 1101 3697 in
1164 3633 1377 3697 fflium
1430 3634 1679 3720 pietate
1746 3654 2104 3719 progressa,
2169 3655 2301 3699 non
2368 3636 2531 3699 meis
2593 3636 2846 3701 meritis

744 3735 1135 3811 exhibitum,
1182 3734 1297 3799 sed
1342 3756 1533 3799 omne
1581 3733 2029 3820 praeveniente
2074 3734 2380 3800 meritum
2451 3736 2589 3801 sola
2627 3742 2844 3803 totum

740 3837 958 3924 gratia
986 3835 1494 3901 misericorditer
1532 3834 1868 3900 indultum
1901 3842 2018 3901 est.
2113 3834 2310 3901 Unde
2343 3838 2518 3923 quod
2550 3838 2845 3925 obsequii

738 3961 1022 4024 possum,
1068 3944 1272 4023 pater,
1321 3942 1390 4002 et
1434 3937 1612 4021 quod
1656 3937 1944 4013 honoris,
1989 3944 2230 4003 vestrae
2275 3940 2448 4005 circa
2491 3961 2596 4004 me
2628 3941 2842 4005 muni·

736 4041 1018 4107 ficentiae
1049 4040 1257 4104 fateor
1301 4038 1375 4102 in
1419 4037 1724 4103 omnibus
1755 4037 2160 4124 obligatum3
2205 4040 2370 4105 adeo
2413 4047 2494 4105 ut
2537 4062 2642 4107 me
2673 4043 2846 4108 velle

738 4142 914 4228 quod
974 4139 1335 4219 volueritis,
1396 4144 1615 4205 totum
1676 4139 1896 4205 subire
1952 4140 2130 4225 quod
2180 4140 2626 4227 injunxeritis,
2671 4166 2842 4211 com-

734 4244 943 4329 pellat
1009 4243 1262 4329 pariter
1324 4247 1394 4307 et
1460 4242 1737 4307 suadeat
1782 4264 1918 4307 non
1963 4242 2174 4307 solum
2240 4243 2416 4309 sedis
2459 4245 2568 4310 cui
2613 4248 2840 4331 praesi-

736 4344 907 4410 detis
970 4342 1347 4420 auctoritaS,
1410 4343 1541 4421 sed,
1588 4366 1671 4408 ex
1742 4344 2023 4430 impensi
2091 4345 2297 4409 etiam
2365 4346 2828 4431 magnitudine

732 4446 1053 4523 beneficii,
1084 4446 1318 4511 innata
1352 4445 1679 4531 siquidem
1724 4450 1794 4510 et
1829 4445 2092 4530 jamdiu
2136 4468 2336 4531 super
2364 4446 2490 4511 hoc
2519 4454 2832 4533 concepta

734 4548 1061 4615 voluntas.
1158 4548 1313 4613 Suis
1358 4546 1585 4633 itaque
1628 4548 1801 4613 circa
1847 4569 1952 4611 me
1998 4546 2256 4633 sibique
2300 4548 2561 4634 placitis
2613 4554 2835 4616 vestra

736 4651 1054 4717 sanctitas
1099 4654 1331 4714 utetur
1374 4647 1710 4735 imperiis3
1756 4648 1828 4713 in
1874 4646 2180 4713 omnibus
2225 4669 2376 4733 quae
2421 4671 2585 4715 mese
2630 4650 2837 4738 possi-

731 4751 985 4818 bilitati
1014 4752 1511 4838 responderunt,
1543 4750 1721 4837 patri
1755 4749 1951 4829 filius,
1983 4749 2252 4816 domino
2281 4771 2525 4828 servus,
2557 4750 2837 4832 obediet,
