<?xml version="1.0" encoding="UTF-8"?>
<!DOCTYPE html PUBLIC "-//W3C//DTD XHTML 1.0 Transitional//EN"
    "http://www.w3.org/TR/xhtml1/DTD/xhtml1-transitional.dtd">
<html xmlns="http://www.w3.org/1999/xhtml" xml:lang="en" lang="en">
 <head>
  <title>
</title>
<meta http-equiv="Content-Type" content="text/html;charset=utf-8" />
  <meta name='ocr-system' content='tesseract 3.04.00' />
  <meta name='ocr-capabilities' content='ocr_page ocr_carea ocr_par ocr_line ocrx_word'/>
</head>
<body>
  <div class='ocr_page' id='page_1' title='image "./materialsforhis00herbgoog_0102.png"; bbox 0 0 3634 5800; ppageno 0'>
   <div class='ocr_carea' id='block_1_1' title="bbox 576 868 2681 957">
    <p class='ocr_par' dir='ltr' id='par_1_1' title="bbox 576 868 2681 957">
     <span class='ocr_line' id='line_1_1' title="bbox 576 868 2681 957; baseline 0 -18"><span class='ocrx_word' id='word_1_1' title='bbox 576 888 706 939; x_wconf 82' lang='lat' dir='ltr'>A.D.</span> <span class='ocrx_word' id='word_1_2' title='bbox 745 874 962 957; x_wconf 68' lang='lat'>1169]</span> <span class='ocrx_word' id='word_1_3' title='bbox 1449 889 1802 937; x_wconf 61' lang='lat' dir='ltr'>1²:1³1ST012AE.</span> <span class='ocrx_word' id='word_1_4' title='bbox 2596 868 2681 941; x_wconf 80' lang='lat'>77</span> 
     </span>
    </p>
   </div>
   <div class='ocr_carea' id='block_1_2' title="bbox 563 1078 3004 4747">
    <p class='ocr_par' dir='ltr' id='par_1_2' title="bbox 563 1078 2685 3112">
     <span class='ocr_line' id='line_1_2' title="bbox 670 1078 2681 1163; baseline -0.002 -18"><span class='ocrx_word' id='word_1_5' title='bbox 670 1080 849 1145; x_wconf 89' lang='lat' dir='ltr'>Hinc</span> <span class='ocrx_word' id='word_1_6' title='bbox 894 1080 1060 1144; x_wconf 88' lang='lat' dir='ltr'>mihi</span> <span class='ocrx_word' id='word_1_7' title='bbox 1111 1080 1294 1145; x_wconf 87' lang='lat' dir='ltr'>dolor</span> <span class='ocrx_word' id='word_1_8' title='bbox 1356 1080 1621 1157; x_wconf 81' lang='lat' dir='ltr'>insidet,</span> <span class='ocrx_word' id='word_1_9' title='bbox 1667 1084 1736 1144; x_wconf 87' lang='lat' dir='ltr'>et</span> <span class='ocrx_word' id='word_1_10' title='bbox 1780 1101 2002 1144; x_wconf 90' lang='lat' dir='ltr'>meum</span> <span class='ocrx_word' id='word_1_11' title='bbox 2053 1079 2494 1163; x_wconf 84' lang='lat' dir='ltr'>undequaque</span> <span class='ocrx_word' id='word_1_12' title='bbox 2551 1078 2681 1161; x_wconf 83' lang='lat' dir='ltr'>spi-</span> 
     </span>
     <span class='ocr_line' id='line_1_3' title="bbox 581 1180 2683 1267; baseline -0.002 -20"><span class='ocrx_word' id='word_1_13' title='bbox 581 1183 790 1248; x_wconf 87' lang='lat' dir='ltr'>ritum</span> <span class='ocrx_word' id='word_1_14' title='bbox 837 1182 1126 1249; x_wconf 86' lang='lat' dir='ltr'>involvit</span> <span class='ocrx_word' id='word_1_15' title='bbox 1169 1183 1492 1261; x_wconf 79' lang='lat' dir='ltr'>anxietaS,</span> <span class='ocrx_word' id='word_1_16' title='bbox 1539 1183 1696 1247; x_wconf 87' lang='lat' dir='ltr'>dum</span> <span class='ocrx_word' id='word_1_17' title='bbox 1745 1204 1830 1247; x_wconf 83' lang='lat' dir='ltr'>ex</span> <span class='ocrx_word' id='word_1_18' title='bbox 1878 1182 2091 1249; x_wconf 78' lang='lat' dir='ltr'>causis</span> <span class='ocrx_word' id='word_1_19' title='bbox 2121 1180 2425 1267; x_wconf 83' lang='lat' dir='ltr'>plurimis</span> <span class='ocrx_word' id='word_1_20' title='bbox 2474 1202 2683 1245; x_wconf 88' lang='lat' dir='ltr'>emer-</span> 
     </span>
     <span class='ocr_line' id='line_1_4' title="bbox 573 1285 2683 1373; baseline -0.001 -24"><span class='ocrx_word' id='word_1_21' title='bbox 573 1290 746 1372; x_wconf 85' lang='lat' dir='ltr'>gunt</span> <span class='ocrx_word' id='word_1_22' title='bbox 809 1286 1095 1373; x_wconf 86' lang='lat' dir='ltr'>plurima</span> <span class='ocrx_word' id='word_1_23' title='bbox 1157 1308 1306 1371; x_wconf 84' lang='lat' dir='ltr'>quae</span> <span class='ocrx_word' id='word_1_24' title='bbox 1372 1309 1476 1350; x_wconf 91' lang='lat' dir='ltr'>me</span> <span class='ocrx_word' id='word_1_25' title='bbox 1539 1290 1823 1351; x_wconf 84' lang='lat' dir='ltr'>avocant</span> <span class='ocrx_word' id='word_1_26' title='bbox 1891 1308 1933 1350; x_wconf 86' lang='lat' dir='ltr'>a</span> <span class='ocrx_word' id='word_1_27' title='bbox 1996 1285 2349 1370; x_wconf 82' lang='lat' dir='ltr'>propositO,</span> <span class='ocrx_word' id='word_1_28' title='bbox 2416 1290 2483 1347; x_wconf 92' lang='lat' dir='ltr'>et</span> <span class='ocrx_word' id='word_1_29' title='bbox 2546 1304 2683 1349; x_wconf 90' lang='lat' dir='ltr'>non</span> 
     </span>
     <span class='ocr_line' id='line_1_5' title="bbox 582 1385 2680 1474; baseline -0.002 -21"><span class='ocrx_word' id='word_1_30' title='bbox 582 1387 926 1455; x_wconf 76' lang='lat' dir='ltr'>occasione</span> <span class='ocrx_word' id='word_1_31' title='bbox 967 1388 1271 1474; x_wconf 77' lang='lat' dir='ltr'>quadam,</span> <span class='ocrx_word' id='word_1_32' title='bbox 1319 1388 1434 1453; x_wconf 85' lang='lat' dir='ltr'>sed</span> <span class='ocrx_word' id='word_1_33' title='bbox 1479 1388 1873 1453; x_wconf 87' lang='lat' dir='ltr'>necessitate</span> <span class='ocrx_word' id='word_1_34' title='bbox 1917 1386 2290 1472; x_wconf 70' lang='lat' dir='ltr'>multipiici,</span> <span class='ocrx_word' id='word_1_35' title='bbox 2323 1385 2680 1451; x_wconf 87' lang='lat' dir='ltr'>retrahunt</span> 
     </span>
     <span class='ocr_line' id='line_1_6' title="bbox 574 1488 2682 1579; baseline -0.003 -21"><span class='ocrx_word' id='word_1_36' title='bbox 574 1491 664 1558; x_wconf 88' lang='lat' dir='ltr'>ab</span> <span class='ocrx_word' id='word_1_37' title='bbox 726 1491 1006 1579; x_wconf 87' lang='lat' dir='ltr'>incepto.</span> <span class='ocrx_word' id='word_1_38' title='bbox 1101 1490 1192 1557; x_wconf 89' lang='lat' dir='ltr'>Et</span> <span class='ocrx_word' id='word_1_39' title='bbox 1259 1490 1529 1579; x_wconf 88' lang='lat' dir='ltr'>quidem</span> <span class='ocrx_word' id='word_1_40' title='bbox 1575 1491 1648 1555; x_wconf 92' lang='lat' dir='ltr'>in</span> <span class='ocrx_word' id='word_1_41' title='bbox 1711 1490 1926 1556; x_wconf 86' lang='lat' dir='ltr'>causis</span> <span class='ocrx_word' id='word_1_42' title='bbox 1993 1488 2109 1555; x_wconf 87' lang='lat' dir='ltr'>illa</span> <span class='ocrx_word' id='word_1_43' title='bbox 2168 1488 2385 1577; x_wconf 87' lang='lat' dir='ltr'>prima</span> <span class='ocrx_word' id='word_1_44' title='bbox 2448 1494 2550 1554; x_wconf 91' lang='lat' dir='ltr'>est</span> <span class='ocrx_word' id='word_1_45' title='bbox 2613 1493 2682 1555; x_wconf 87' lang='lat' dir='ltr'>et</span> 
     </span>
     <span class='ocr_line' id='line_1_7' title="bbox 576 1591 2685 1679; baseline 0.001 -24"><span class='ocrx_word' id='word_1_46' title='bbox 576 1592 910 1679; x_wconf 70' lang='lat' dir='ltr'>praecipua</span> <span class='ocrx_word' id='word_1_47' title='bbox 988 1593 1162 1677; x_wconf 89' lang='lat' dir='ltr'>quod</span> <span class='ocrx_word' id='word_1_48' title='bbox 1241 1592 1457 1658; x_wconf 81' lang='lat' dir='ltr'>exivit</span> <span class='ocrx_word' id='word_1_49' title='bbox 1532 1592 1606 1658; x_wconf 91' lang='lat' dir='ltr'>in</span> <span class='ocrx_word' id='word_1_50' title='bbox 1672 1613 1865 1659; x_wconf 82' lang='lat' dir='ltr'>aures</span> <span class='ocrx_word' id='word_1_51' title='bbox 1942 1591 2237 1657; x_wconf 89' lang='lat' dir='ltr'>omnium</span> <span class='ocrx_word' id='word_1_52' title='bbox 2305 1591 2563 1677; x_wconf 89' lang='lat' dir='ltr'>jamdiu</span> <span class='ocrx_word' id='word_1_53' title='bbox 2643 1613 2685 1657; x_wconf 91' lang='lat' dir='ltr'>a</span> 
     </span>
     <span class='ocr_line' id='line_1_8' title="bbox 577 1693 2684 1771; baseline -0 -12"><span class='ocrx_word' id='word_1_54' title='bbox 577 1693 969 1760; x_wconf 69' lang='lat' dir='ltr'>celsitudine</span> <span class='ocrx_word' id='word_1_55' title='bbox 1015 1698 1240 1761; x_wconf 84' lang='lat' dir='ltr'>vestra</span> <span class='ocrx_word' id='word_1_56' title='bbox 1302 1694 1376 1759; x_wconf 89' lang='lat' dir='ltr'>in</span> <span class='ocrx_word' id='word_1_57' title='bbox 1437 1714 1541 1760; x_wconf 92' lang='lat' dir='ltr'>me</span> <span class='ocrx_word' id='word_1_58' title='bbox 1605 1694 1808 1759; x_wconf 85' lang='lat' dir='ltr'>latam</span> <span class='ocrx_word' id='word_1_59' title='bbox 1875 1694 2294 1771; x_wconf 88' lang='lat' dir='ltr'>sententiam,</span> <span class='ocrx_word' id='word_1_60' title='bbox 2339 1714 2489 1760; x_wconf 92' lang='lat' dir='ltr'>cum</span> <span class='ocrx_word' id='word_1_61' title='bbox 2556 1696 2684 1759; x_wconf 88' lang='lat' dir='ltr'>col-</span> 
     </span>
     <span class='ocr_line' id='line_1_9' title="bbox 575 1794 2682 1883; baseline 0 -24"><span class='ocrx_word' id='word_1_62' title='bbox 575 1795 716 1861; x_wconf 84' lang='lat' dir='ltr'>lata</span> <span class='ocrx_word' id='word_1_63' title='bbox 757 1795 924 1860; x_wconf 90' lang='lat' dir='ltr'>mihi</span> <span class='ocrx_word' id='word_1_64' title='bbox 969 1816 1088 1881; x_wconf 89' lang='lat' dir='ltr'>pro</span> <span class='ocrx_word' id='word_1_65' title='bbox 1134 1800 1322 1883; x_wconf 82' lang='lat' dir='ltr'>parte</span> <span class='ocrx_word' id='word_1_66' title='bbox 1367 1797 1586 1883; x_wconf 87' lang='lat' dir='ltr'>gratia</span> <span class='ocrx_word' id='word_1_67' title='bbox 1615 1796 1734 1860; x_wconf 84' lang='lat' dir='ltr'>vix</span> <span class='ocrx_word' id='word_1_68' title='bbox 1780 1795 1999 1861; x_wconf 85' lang='lat' dir='ltr'>adhuc</span> <span class='ocrx_word' id='word_1_69' title='bbox 2028 1796 2255 1881; x_wconf 80' lang='lat' dir='ltr'>paucis</span> <span class='ocrx_word' id='word_1_70' title='bbox 2300 1794 2682 1859; x_wconf 71' lang='lat' dir='ltr'>innotuerit.</span> 
     </span>
     <span class='ocr_line' id='line_1_10' title="bbox 577 1896 2684 1984; baseline 0 -24"><span class='ocrx_word' id='word_1_71' title='bbox 577 1896 757 1964; x_wconf 89' lang='lat' dir='ltr'>Hinc</span> <span class='ocrx_word' id='word_1_72' title='bbox 820 1898 1116 1963; x_wconf 90' lang='lat' dir='ltr'>omnium</span> <span class='ocrx_word' id='word_1_73' title='bbox 1179 1896 1292 1984; x_wconf 89' lang='lat' dir='ltr'>qui</span> <span class='ocrx_word' id='word_1_74' title='bbox 1341 1900 1485 1965; x_wconf 88' lang='lat' dir='ltr'>vias</span> <span class='ocrx_word' id='word_1_75' title='bbox 1549 1898 1873 1977; x_wconf 80' lang='lat' dir='ltr'>obsident,</span> <span class='ocrx_word' id='word_1_76' title='bbox 1944 1898 2059 1983; x_wconf 89' lang='lat' dir='ltr'>qui</span> <span class='ocrx_word' id='word_1_77' title='bbox 2128 1896 2325 1963; x_wconf 83' lang='lat' dir='ltr'>calles</span> <span class='ocrx_word' id='word_1_78' title='bbox 2400 1897 2684 1962; x_wconf 81' lang='lat' dir='ltr'>directos</span> 
     </span>
     <span class='ocr_line' id='line_1_11' title="bbox 572 1998 2675 2087; baseline 0 -24"><span class='ocrx_word' id='word_1_79' title='bbox 572 1999 658 2063; x_wconf 89' lang='lat' dir='ltr'>ad</span> <span class='ocrx_word' id='word_1_80' title='bbox 705 2021 840 2077; x_wconf 79' lang='lat' dir='ltr'>VOS,</span> <span class='ocrx_word' id='word_1_81' title='bbox 888 2005 966 2065; x_wconf 92' lang='lat' dir='ltr'>ut</span> <span class='ocrx_word' id='word_1_82' title='bbox 1029 2000 1322 2067; x_wconf 74' lang='lat' dir='ltr'>formicae</span> <span class='ocrx_word' id='word_1_83' title='bbox 1382 2004 1895 2087; x_wconf 85' lang='lat' dir='ltr'>circumquaque</span> <span class='ocrx_word' id='word_1_84' title='bbox 1942 2000 2398 2078; x_wconf 77' lang='lat' dir='ltr'>discurrenteS,</span> <span class='ocrx_word' id='word_1_85' title='bbox 2448 1998 2675 2064; x_wconf 88' lang='lat' dir='ltr'>obam-</span> 
     </span>
     <span class='ocr_line' id='line_1_12' title="bbox 573 2100 2681 2182; baseline 0.001 -17"><span class='ocrx_word' id='word_1_86' title='bbox 573 2100 832 2179; x_wconf 89' lang='lat' dir='ltr'>bulant,</span> <span class='ocrx_word' id='word_1_87' title='bbox 903 2102 1088 2169; x_wconf 84' lang='lat' dir='ltr'>furor</span> <span class='ocrx_word' id='word_1_88' title='bbox 1151 2124 1462 2171; x_wconf 85' lang='lat' dir='ltr'>accensus</span> <span class='ocrx_word' id='word_1_89' title='bbox 1552 2110 1670 2181; x_wconf 86' lang='lat' dir='ltr'>est,</span> <span class='ocrx_word' id='word_1_90' title='bbox 1739 2108 1836 2182; x_wconf 87' lang='lat' dir='ltr'>ut,</span> <span class='ocrx_word' id='word_1_91' title='bbox 1911 2125 2033 2169; x_wconf 91' lang='lat' dir='ltr'>nec</span> <span class='ocrx_word' id='word_1_92' title='bbox 2096 2102 2313 2168; x_wconf 89' lang='lat' dir='ltr'>Deum</span> <span class='ocrx_word' id='word_1_93' title='bbox 2378 2108 2681 2168; x_wconf 76' lang='lat' dir='ltr'>verentes</span> 
     </span>
     <span class='ocr_line' id='line_1_13' title="bbox 575 2204 2685 2295; baseline 0 -26"><span class='ocrx_word' id='word_1_94' title='bbox 575 2222 694 2271; x_wconf 87' lang='lat' dir='ltr'>nec</span> <span class='ocrx_word' id='word_1_95' title='bbox 738 2204 1058 2284; x_wconf 77' lang='lat' dir='ltr'>homineS,</span> <span class='ocrx_word' id='word_1_96' title='bbox 1090 2207 1362 2295; x_wconf 87' lang='lat' dir='ltr'>impune</span> <span class='ocrx_word' id='word_1_97' title='bbox 1407 2206 1534 2272; x_wconf 81' lang='lat' dir='ltr'>sibi</span> <span class='ocrx_word' id='word_1_98' title='bbox 1580 2208 1651 2271; x_wconf 89' lang='lat' dir='ltr'>in</span> <span class='ocrx_word' id='word_1_99' title='bbox 1684 2229 1789 2272; x_wconf 89' lang='lat' dir='ltr'>me</span> <span class='ocrx_word' id='word_1_100' title='bbox 1824 2210 2063 2273; x_wconf 87' lang='lat' dir='ltr'>cuncta</span> <span class='ocrx_word' id='word_1_101' title='bbox 2108 2205 2303 2272; x_wconf 86' lang='lat' dir='ltr'>licere</span> <span class='ocrx_word' id='word_1_102' title='bbox 2339 2205 2685 2292; x_wconf 89' lang='lat' dir='ltr'>judicent;</span> 
     </span>
     <span class='ocr_line' id='line_1_14' title="bbox 575 2306 2682 2396; baseline 0.001 -25"><span class='ocrx_word' id='word_1_103' title='bbox 575 2307 964 2394; x_wconf 88' lang='lat' dir='ltr'>obsequium</span> <span class='ocrx_word' id='word_1_104' title='bbox 1012 2306 1300 2377; x_wconf 89' lang='lat' dir='ltr'>Domino</span> <span class='ocrx_word' id='word_1_105' title='bbox 1367 2316 1680 2395; x_wconf 72' lang='lat' dir='ltr'>praestare</span> <span class='ocrx_word' id='word_1_106' title='bbox 1728 2330 1797 2374; x_wconf 90' lang='lat' dir='ltr'>se</span> <span class='ocrx_word' id='word_1_107' title='bbox 1862 2314 2196 2396; x_wconf 86' lang='lat' dir='ltr'>reputent,</span> <span class='ocrx_word' id='word_1_108' title='bbox 2242 2307 2297 2373; x_wconf 89' lang='lat' dir='ltr'>si</span> <span class='ocrx_word' id='word_1_109' title='bbox 2345 2308 2512 2373; x_wconf 90' lang='lat' dir='ltr'>mihi</span> <span class='ocrx_word' id='word_1_110' title='bbox 2582 2310 2682 2373; x_wconf 90' lang='lat' dir='ltr'>in-</span> 
     </span>
     <span class='ocr_line' id='line_1_15' title="bbox 563 2410 2681 2498; baseline 0 -24"><span class='ocrx_word' id='word_1_111' title='bbox 563 2410 770 2495; x_wconf 88' lang='lat' dir='ltr'>jectis</span> <span class='ocrx_word' id='word_1_112' title='bbox 817 2410 1128 2476; x_wconf 86' lang='lat' dir='ltr'>manibus</span> <span class='ocrx_word' id='word_1_113' title='bbox 1176 2412 1435 2479; x_wconf 89' lang='lat' dir='ltr'>damnis</span> <span class='ocrx_word' id='word_1_114' title='bbox 1495 2434 1601 2477; x_wconf 89' lang='lat' dir='ltr'>me</span> <span class='ocrx_word' id='word_1_115' title='bbox 1664 2412 1917 2498; x_wconf 89' lang='lat' dir='ltr'>pariter</span> <span class='ocrx_word' id='word_1_116' title='bbox 1962 2418 2031 2476; x_wconf 90' lang='lat' dir='ltr'>et</span> <span class='ocrx_word' id='word_1_117' title='bbox 2076 2411 2497 2477; x_wconf 83' lang='lat' dir='ltr'>contumeliis</span> <span class='ocrx_word' id='word_1_118' title='bbox 2541 2410 2681 2476; x_wconf 89' lang='lat' dir='ltr'>affi-</span> 
     </span>
     <span class='ocr_line' id='line_1_16' title="bbox 572 2511 2681 2599; baseline 0.001 -23"><span class='ocrx_word' id='word_1_119' title='bbox 572 2511 796 2591; x_wconf 82' lang='lat' dir='ltr'>ciant3</span> <span class='ocrx_word' id='word_1_120' title='bbox 842 2516 911 2577; x_wconf 87' lang='lat' dir='ltr'>et</span> <span class='ocrx_word' id='word_1_121' title='bbox 981 2513 1288 2579; x_wconf 86' lang='lat' dir='ltr'>carcerali</span> <span class='ocrx_word' id='word_1_122' title='bbox 1336 2514 1785 2599; x_wconf 89' lang='lat' dir='ltr'>mancipatum</span> <span class='ocrx_word' id='word_1_123' title='bbox 1852 2514 2191 2590; x_wconf 86' lang='lat' dir='ltr'>custodiae,</span> <span class='ocrx_word' id='word_1_124' title='bbox 2258 2512 2590 2579; x_wconf 88' lang='lat' dir='ltr'>hominem</span> <span class='ocrx_word' id='word_1_125' title='bbox 2638 2536 2681 2579; x_wconf 91' lang='lat' dir='ltr'>a</span> 
     </span>
     <span class='ocr_line' id='line_1_17' title="bbox 575 2613 2681 2701; baseline 0 -24"><span class='ocrx_word' id='word_1_126' title='bbox 575 2634 840 2679; x_wconf 87' lang='lat' dir='ltr'>summo</span> <span class='ocrx_word' id='word_1_127' title='bbox 886 2614 1400 2681; x_wconf 86' lang='lat' dir='ltr'>condemnatum</span> <span class='ocrx_word' id='word_1_128' title='bbox 1447 2621 1511 2679; x_wconf 80' lang='lat' dir='ltr'>et</span> <span class='ocrx_word' id='word_1_129' title='bbox 1559 2615 1987 2701; x_wconf 84' lang='lat' dir='ltr'>reprobatum</span> <span class='ocrx_word' id='word_1_130' title='bbox 2040 2613 2371 2700; x_wconf 88' lang='lat' dir='ltr'>pontifice,</span> <span class='ocrx_word' id='word_1_131' title='bbox 2417 2615 2504 2679; x_wconf 87' lang='lat' dir='ltr'>ad</span> <span class='ocrx_word' id='word_1_132' title='bbox 2566 2636 2681 2679; x_wconf 86' lang='lat' dir='ltr'>ex-</span> 
     </span>
     <span class='ocr_line' id='line_1_18' title="bbox 573 2716 2681 2803; baseline -0 -21"><span class='ocrx_word' id='word_1_133' title='bbox 573 2722 790 2782; x_wconf 82' lang='lat' dir='ltr'>actam</span> <span class='ocrx_word' id='word_1_134' title='bbox 854 2738 1063 2803; x_wconf 85' lang='lat' dir='ltr'>usque</span> <span class='ocrx_word' id='word_1_135' title='bbox 1132 2717 1328 2803; x_wconf 89' lang='lat' dir='ltr'>stipis</span> <span class='ocrx_word' id='word_1_136' title='bbox 1403 2716 1660 2782; x_wconf 85' lang='lat' dir='ltr'>ultimae</span> <span class='ocrx_word' id='word_1_137' title='bbox 1735 2716 2275 2803; x_wconf 87' lang='lat' dir='ltr'>redemptionem,</span> <span class='ocrx_word' id='word_1_138' title='bbox 2344 2716 2681 2802; x_wconf 84' lang='lat' dir='ltr'>exquisita</span> 
     </span>
     <span class='ocr_line' id='line_1_19' title="bbox 573 2818 2680 2906; baseline 0 -22"><span class='ocrx_word' id='word_1_139' title='bbox 573 2838 920 2906; x_wconf 77' lang='lat' dir='ltr'>poenarum</span> <span class='ocrx_word' id='word_1_140' title='bbox 984 2818 1398 2885; x_wconf 85' lang='lat' dir='ltr'>adhibitione</span> <span class='ocrx_word' id='word_1_141' title='bbox 1463 2818 1877 2906; x_wconf 81' lang='lat' dir='ltr'>compellant.</span> <span class='ocrx_word' id='word_1_142' title='bbox 1972 2820 2233 2886; x_wconf 70' lang='lat' dir='ltr'>Stratus</span> <span class='ocrx_word' id='word_1_143' title='bbox 2278 2840 2502 2884; x_wconf 88' lang='lat' dir='ltr'>omnes</span> <span class='ocrx_word' id='word_1_144' title='bbox 2570 2820 2680 2885; x_wconf 88' lang='lat' dir='ltr'>hic</span> 
     </span>
     <span class='ocr_line' id='line_1_20' title="bbox 571 2923 2677 3010; baseline 0.001 -22"><span class='ocrx_word' id='word_1_145' title='bbox 571 2923 891 2989; x_wconf 84' lang='lat' dir='ltr'>adversus</span> <span class='ocrx_word' id='word_1_146' title='bbox 953 2943 1058 2990; x_wconf 88' lang='lat' dir='ltr'>me</span> <span class='ocrx_word' id='word_1_147' title='bbox 1114 2925 1258 3010; x_wconf 89' lang='lat' dir='ltr'>jam</span> <span class='ocrx_word' id='word_1_148' title='bbox 1321 2944 1545 2990; x_wconf 87' lang='lat' dir='ltr'>rumor</span> <span class='ocrx_word' id='word_1_149' title='bbox 1613 2924 1936 3010; x_wconf 83' lang='lat' dir='ltr'>implevit,</span> <span class='ocrx_word' id='word_1_150' title='bbox 2003 2931 2035 2958; x_wconf 93' lang='lat'><strong>“</strong></span> <span class='ocrx_word' id='word_1_151' title='bbox 2056 2923 2201 2988; x_wconf 90' lang='lat' dir='ltr'>Hac</span> <span class='ocrx_word' id='word_1_152' title='bbox 2276 2923 2677 2990; x_wconf 84' lang='lat' dir='ltr'>transiturus</span> 
     </span>
     <span class='ocr_line' id='line_1_21' title="bbox 574 3024 2678 3112; baseline 0.001 -22"><span class='ocrx_word' id='word_1_153' title='bbox 574 3031 608 3062; x_wconf 89' lang='lat'><strong>“</strong></span> <span class='ocrx_word' id='word_1_154' title='bbox 656 3024 768 3092; x_wconf 90' lang='lat' dir='ltr'>ille</span> <span class='ocrx_word' id='word_1_155' title='bbox 832 3030 952 3105; x_wconf 90' lang='lat' dir='ltr'>est,</span> <span class='ocrx_word' id='word_1_156' title='bbox 1016 3047 1213 3112; x_wconf 90' lang='lat' dir='ltr'>quem</span> <span class='ocrx_word' id='word_1_157' title='bbox 1283 3045 1521 3092; x_wconf 87' lang='lat' dir='ltr'>manus</span> <span class='ocrx_word' id='word_1_158' title='bbox 1595 3025 1957 3112; x_wconf 84' lang='lat' dir='ltr'>apostolica</span> <span class='ocrx_word' id='word_1_159' title='bbox 2026 3025 2281 3092; x_wconf 87' lang='lat' dir='ltr'>cunctis</span> <span class='ocrx_word' id='word_1_160' title='bbox 2352 3027 2678 3112; x_wconf 78' lang='lat' dir='ltr'>exposuit,</span> 
     </span>
    </p>

    <p class='ocr_par' dir='ltr' id='par_1_3' title="bbox 574 3125 2678 3216">
     <span class='ocr_line' id='line_1_22' title="bbox 574 3125 2678 3216; baseline 0 -24"><span class='ocrx_word' id='word_1_161' title='bbox 574 3133 608 3162; x_wconf 78' lang='lat'>‘⁸</span> <span class='ocrx_word' id='word_1_162' title='bbox 659 3147 857 3211; x_wconf 89' lang='lat' dir='ltr'>quem</span> <span class='ocrx_word' id='word_1_163' title='bbox 905 3132 986 3192; x_wconf 88' lang='lat' dir='ltr'>ut</span> <span class='ocrx_word' id='word_1_164' title='bbox 1029 3127 1429 3216; x_wconf 86' lang='lat' dir='ltr'>AEgyptium</span> <span class='ocrx_word' id='word_1_165' title='bbox 1454 3125 1479 3164; x_wconf 89' lang='lat'>¹</span> <span class='ocrx_word' id='word_1_166' title='bbox 1547 3127 1847 3214; x_wconf 82' lang='lat' dir='ltr'>spoliare,</span> <span class='ocrx_word' id='word_1_167' title='bbox 1892 3127 2223 3204; x_wconf 88' lang='lat' dir='ltr'>suffocare,</span> <span class='ocrx_word' id='word_1_168' title='bbox 2270 3128 2483 3193; x_wconf 87' lang='lat' dir='ltr'>modis</span> <span class='ocrx_word' id='word_1_169' title='bbox 2543 3151 2678 3194; x_wconf 89' lang='lat' dir='ltr'>om-</span> 
     </span>
    </p>

    <p class='ocr_par' dir='ltr' id='par_1_4' title="bbox 573 3225 2678 3318">
     <span class='ocr_line' id='line_1_23' title="bbox 573 3225 2678 3318; baseline 0.002 -26"><span class='ocrx_word' id='word_1_170' title='bbox 573 3235 611 3262; x_wconf 86' lang='lat'><em>“</em></span> <span class='ocrx_word' id='word_1_171' title='bbox 656 3228 858 3292; x_wconf 84' lang='lat' dir='ltr'>nibus</span> <span class='ocrx_word' id='word_1_172' title='bbox 922 3225 1228 3314; x_wconf 84' lang='lat' dir='ltr'>affligere,</span> <span class='ocrx_word' id='word_1_173' title='bbox 1279 3229 1494 3294; x_wconf 91' lang='lat' dir='ltr'>bonus</span> <span class='ocrx_word' id='word_1_174' title='bbox 1564 3229 1724 3294; x_wconf 88' lang='lat' dir='ltr'>odor</span> <span class='ocrx_word' id='word_1_175' title='bbox 1789 3229 2095 3296; x_wconf 77' lang='lat' dir='ltr'>sacrificii</span> <span class='ocrx_word' id='word_1_176' title='bbox 2160 3229 2319 3309; x_wconf 92' lang='lat' dir='ltr'>Deo,</span> <span class='ocrx_word' id='word_1_177' title='bbox 2384 3235 2454 3294; x_wconf 92' lang='lat' dir='ltr'>et</span> <span class='ocrx_word' id='word_1_178' title='bbox 2498 3232 2678 3318; x_wconf 86' lang='lat' dir='ltr'>apud</span> 
     </span>
    </p>

    <p class='ocr_par' dir='ltr' id='par_1_5' title="bbox 571 3330 2677 3418">
     <span class='ocr_line' id='line_1_24' title="bbox 571 3330 2677 3418; baseline 0 -22"><span class='ocrx_word' id='word_1_179' title='bbox 571 3337 606 3366; x_wconf 86' lang='lat'><strong><em>“</em></strong></span> <span class='ocrx_word' id='word_1_180' title='bbox 654 3330 992 3396; x_wconf 84' lang='lat' dir='ltr'>ecclesiam</span> <span class='ocrx_word' id='word_1_181' title='bbox 1039 3336 1496 3398; x_wconf 86' lang='lat' dir='ltr'>consummata</span> <span class='ocrx_word' id='word_1_182' title='bbox 1541 3331 1686 3397; x_wconf 88' lang='lat' dir='ltr'>laus</span> <span class='ocrx_word' id='word_1_183' title='bbox 1734 3337 1855 3398; x_wconf 83' lang='lat' dir='ltr'>est.</span> <span class='ocrx_word' id='word_1_184' title='bbox 1946 3331 2201 3418; x_wconf 88' lang='lat' dir='ltr'>Aptate</span> <span class='ocrx_word' id='word_1_185' title='bbox 2247 3352 2499 3411; x_wconf 74' lang='lat' dir='ltr'>manue,</span> <span class='ocrx_word' id='word_1_186' title='bbox 2562 3334 2677 3399; x_wconf 87' lang='lat' dir='ltr'>ad-</span> 
     </span>
    </p>

    <p class='ocr_par' dir='ltr' id='par_1_6' title="bbox 572 3431 2677 3519">
     <span class='ocr_line' id='line_1_25' title="bbox 572 3431 2677 3519; baseline 0.003 -24"><span class='ocrx_word' id='word_1_187' title='bbox 572 3439 608 3467; x_wconf 89' lang='lat'><strong>“</strong></span> <span class='ocrx_word' id='word_1_188' title='bbox 656 3431 870 3498; x_wconf 83' lang='lat' dir='ltr'>bibite</span> <span class='ocrx_word' id='word_1_189' title='bbox 948 3433 1334 3510; x_wconf 76' lang='lat' dir='ltr'>custodiam,</span> <span class='ocrx_word' id='word_1_190' title='bbox 1400 3453 1482 3498; x_wconf 92' lang='lat' dir='ltr'>ne</span> <span class='ocrx_word' id='word_1_191' title='bbox 1559 3433 1682 3496; x_wconf 91' lang='lat' dir='ltr'>sub</span> <span class='ocrx_word' id='word_1_192' title='bbox 1758 3433 1949 3498; x_wconf 84' lang='lat' dir='ltr'>larva</span> <span class='ocrx_word' id='word_1_193' title='bbox 2022 3438 2144 3500; x_wconf 90' lang='lat' dir='ltr'>aut</span> <span class='ocrx_word' id='word_1_194' title='bbox 2217 3437 2677 3519; x_wconf 90' lang='lat' dir='ltr'>quoquomodo</span> 
     </span>
    </p>

    <p class='ocr_par' dir='ltr' id='par_1_7' title="bbox 569 3535 2677 3624">
     <span class='ocr_line' id='line_1_26' title="bbox 569 3535 2677 3624; baseline 0.002 -24"><span class='ocrx_word' id='word_1_195' title='bbox 569 3544 604 3572; x_wconf 92' lang='lat'><strong>“</strong></span> <span class='ocrx_word' id='word_1_196' title='bbox 653 3537 1056 3614; x_wconf 71' lang='lat' dir='ltr'>subornatus¹</span> <span class='ocrx_word' id='word_1_197' title='bbox 1096 3536 1356 3604; x_wconf 84' lang='lat' dir='ltr'>evadat.</span> <span class='ocrx_word' id='word_1_198' title='bbox 1450 3535 1820 3602; x_wconf 81' lang='lat' dir='ltr'>Lundoniae</span> <span class='ocrx_word' id='word_1_199' title='bbox 1867 3536 2057 3603; x_wconf 87' lang='lat' dir='ltr'>vobis</span> <span class='ocrx_word' id='word_1_200' title='bbox 2122 3557 2275 3623; x_wconf 87' lang='lat' dir='ltr'>opes</span> <span class='ocrx_word' id='word_1_201' title='bbox 2321 3537 2395 3601; x_wconf 89' lang='lat' dir='ltr'>in</span> <span class='ocrx_word' id='word_1_202' title='bbox 2451 3538 2677 3624; x_wconf 86' lang='lat' dir='ltr'>januis</span> 
     </span>
    </p>

    <p class='ocr_par' dir='ltr' id='par_1_8' title="bbox 572 3639 2678 3728">
     <span class='ocr_line' id='line_1_27' title="bbox 572 3639 2678 3728; baseline 0.002 -24"><span class='ocrx_word' id='word_1_203' title='bbox 572 3648 607 3675; x_wconf 91' lang='lat'><strong>“</strong></span> <span class='ocrx_word' id='word_1_204' title='bbox 654 3659 798 3706; x_wconf 91' lang='lat' dir='ltr'>ecce</span> <span class='ocrx_word' id='word_1_205' title='bbox 864 3645 1041 3706; x_wconf 90' lang='lat' dir='ltr'>sunt.</span> <span class='ocrx_word' id='word_1_206' title='bbox 1134 3639 1374 3725; x_wconf 82' lang='lat' dir='ltr'>Inopes</span> <span class='ocrx_word' id='word_1_207' title='bbox 1423 3659 1542 3706; x_wconf 84' lang='lat' dir='ltr'>vos</span> <span class='ocrx_word' id='word_1_208' title='bbox 1609 3641 1691 3706; x_wconf 88' lang='lat' dir='ltr'>de</span> <span class='ocrx_word' id='word_1_209' title='bbox 1757 3647 1996 3706; x_wconf 85' lang='lat' dir='ltr'>caetero</span> <span class='ocrx_word' id='word_1_210' title='bbox 2061 3639 2470 3728; x_wconf 86' lang='lat' dir='ltr'>negligentia</span> <span class='ocrx_word' id='word_1_211' title='bbox 2536 3642 2678 3709; x_wconf 88' lang='lat' dir='ltr'>sola</span> 
     </span>
    </p>

    <p class='ocr_par' dir='ltr' id='par_1_9' title="bbox 571 3739 3004 4542">
     <span class='ocr_line' id='line_1_28' title="bbox 573 3739 2970 3828; baseline 0.002 -20"><span class='ocrx_word' id='word_1_212' title='bbox 573 3747 609 3775; x_wconf 90' lang='lat'><strong>“</strong></span> <span class='ocrx_word' id='word_1_213' title='bbox 657 3739 1072 3808; x_wconf 85' lang='lat' dir='ltr'>constituet.&#39;&#39;</span> <span class='ocrx_word' id='word_1_214' title='bbox 1165 3739 1315 3819; x_wconf 91' lang='lat' dir='ltr'>Hic,</span> <span class='ocrx_word' id='word_1_215' title='bbox 1345 3745 1554 3828; x_wconf 86' lang='lat' dir='ltr'>pater,</span> <span class='ocrx_word' id='word_1_216' title='bbox 1598 3741 1950 3807; x_wconf 85' lang='lat' dir='ltr'>adversum</span> <span class='ocrx_word' id='word_1_217' title='bbox 1996 3763 2100 3806; x_wconf 87' lang='lat' dir='ltr'>me</span> <span class='ocrx_word' id='word_1_218' title='bbox 2153 3763 2379 3806; x_wconf 87' lang='lat' dir='ltr'>murus</span> <span class='ocrx_word' id='word_1_219' title='bbox 2425 3749 2677 3809; x_wconf 90' lang='lat' dir='ltr'>erectus</span> <span class='ocrx_word' id='word_1_220' title='bbox 2704 3761 2970 3828; x_wconf 75' lang='lat' dir='ltr'>Difficulty</span> 
     </span>
     <span class='ocr_line' id='line_1_29' title="bbox 571 3831 3004 3946; baseline 0.002 -38"><span class='ocrx_word' id='word_1_221' title='bbox 571 3849 689 3918; x_wconf 88' lang='lat' dir='ltr'>est,</span> <span class='ocrx_word' id='word_1_222' title='bbox 734 3843 877 3908; x_wconf 88' lang='lat' dir='ltr'>haec</span> <span class='ocrx_word' id='word_1_223' title='bbox 924 3843 1216 3930; x_wconf 87' lang='lat' dir='ltr'>undique</span> <span class='ocrx_word' id='word_1_224' title='bbox 1265 3843 1617 3910; x_wconf 88' lang='lat' dir='ltr'>difficultas</span> <span class='ocrx_word' id='word_1_225' title='bbox 1664 3843 1940 3930; x_wconf 89' lang='lat' dir='ltr'>objecta,</span> <span class='ocrx_word' id='word_1_226' title='bbox 1986 3865 2184 3930; x_wconf 83' lang='lat' dir='ltr'>quam</span> <span class='ocrx_word' id='word_1_227' title='bbox 2230 3847 2353 3909; x_wconf 87' lang='lat' dir='ltr'>etsi</span> <span class='ocrx_word' id='word_1_228' title='bbox 2394 3845 2678 3931; x_wconf 89' lang='lat' dir='ltr'>juvante</span> <span class='ocrx_word' id='word_1_229' title='bbox 2704 3831 3004 3946; x_wconf 45' lang='lat' dir='ltr'>ffitffgsst&#39;he</span> 
     </span>
     <span class='ocr_line' id='line_1_30' title="bbox 572 3911 2853 4062; baseline 0 -52"><span class='ocrx_word' id='word_1_230' title='bbox 572 3945 859 4011; x_wconf 92' lang='lat' dir='ltr'>Domino</span> <span class='ocrx_word' id='word_1_231' title='bbox 938 3945 1407 4012; x_wconf 85' lang='lat' dir='ltr'>transcendere</span> <span class='ocrx_word' id='word_1_232' title='bbox 1471 3948 1933 4031; x_wconf 89' lang='lat' dir='ltr'>quoquomodo</span> <span class='ocrx_word' id='word_1_233' title='bbox 2008 3947 2437 4062; x_wconf 80' lang='lat' dir='ltr'>contingeret,</span> <span class='ocrx_word' id='word_1_234' title='bbox 2515 3954 2677 4013; x_wconf 80' lang='lat' dir='ltr'>aetas</span> <span class='ocrx_word' id='word_1_235' title='bbox 2703 3911 2853 4028; x_wconf 59' lang='grc' dir='ltr'>ρηξαι</span> 
     </span>
     <span class='ocr_line' id='line_1_31' title="bbox 573 4038 2863 4136; baseline 0.001 -24"><span class='ocrx_word' id='word_1_236' title='bbox 573 4052 800 4112; x_wconf 83' lang='lat' dir='ltr'>tamen</span> <span class='ocrx_word' id='word_1_237' title='bbox 845 4047 1103 4126; x_wconf 88' lang='lat' dir='ltr'>ultima,</span> <span class='ocrx_word' id='word_1_238' title='bbox 1151 4069 1300 4134; x_wconf 85' lang='lat' dir='ltr'>quae</span> <span class='ocrx_word' id='word_1_239' title='bbox 1346 4071 1387 4114; x_wconf 91' lang='lat' dir='ltr'>a</span> <span class='ocrx_word' id='word_1_240' title='bbox 1451 4048 1756 4136; x_wconf 88' lang='lat' dir='ltr'>pluribus</span> <span class='ocrx_word' id='word_1_241' title='bbox 1799 4071 1906 4114; x_wconf 91' lang='lat' dir='ltr'>me</span> <span class='ocrx_word' id='word_1_242' title='bbox 1961 4049 2105 4134; x_wconf 87' lang='lat' dir='ltr'>jam</span> <span class='ocrx_word' id='word_1_243' title='bbox 2151 4049 2344 4114; x_wconf 90' lang='lat' dir='ltr'>annis</span> <span class='ocrx_word' id='word_1_244' title='bbox 2392 4051 2675 4136; x_wconf 82' lang='lat' dir='ltr'>excepit,</span> <span class='ocrx_word' id='word_1_245' title='bbox 2703 4038 2863 4080; x_wconf 51' lang='grc' dir='ltr'>σθω</span> 
     </span>
     <span class='ocr_line' id='line_1_32' title="bbox 573 4149 2678 4236; baseline 0.002 -23"><span class='ocrx_word' id='word_1_246' title='bbox 573 4149 1048 4236; x_wconf 88' lang='lat' dir='ltr'>impedimento</span> <span class='ocrx_word' id='word_1_247' title='bbox 1092 4149 1262 4214; x_wconf 87' lang='lat' dir='ltr'>mihi</span> <span class='ocrx_word' id='word_1_248' title='bbox 1309 4156 1427 4228; x_wconf 86' lang='lat' dir='ltr'>est,</span> <span class='ocrx_word' id='word_1_249' title='bbox 1476 4171 1560 4216; x_wconf 91' lang='lat' dir='ltr'>ne</span> <span class='ocrx_word' id='word_1_250' title='bbox 1605 4155 1728 4216; x_wconf 87' lang='lat' dir='ltr'>aut</span> <span class='ocrx_word' id='word_1_251' title='bbox 1795 4151 1927 4216; x_wconf 85' lang='lat' dir='ltr'>iter</span> <span class='ocrx_word' id='word_1_252' title='bbox 1972 4151 2157 4215; x_wconf 87' lang='lat' dir='ltr'>istud</span> <span class='ocrx_word' id='word_1_253' title='bbox 2202 4153 2510 4236; x_wconf 88' lang='lat' dir='ltr'>arripere,</span> <span class='ocrx_word' id='word_1_254' title='bbox 2557 4160 2678 4218; x_wconf 91' lang='lat' dir='ltr'>aut</span> 
     </span>
     <span class='ocr_line' id='line_1_33' title="bbox 573 4249 2678 4338; baseline 0.003 -26"><span class='ocrx_word' id='word_1_255' title='bbox 573 4249 984 4336; x_wconf 73' lang='lat' dir='ltr'>imparibus2</span> <span class='ocrx_word' id='word_1_256' title='bbox 1029 4251 1156 4317; x_wconf 88' lang='lat' dir='ltr'>sibi</span> <span class='ocrx_word' id='word_1_257' title='bbox 1203 4252 1463 4316; x_wconf 88' lang='lat' dir='ltr'>viribus</span> <span class='ocrx_word' id='word_1_258' title='bbox 1507 4252 1798 4318; x_wconf 90' lang='lat' dir='ltr'>laborem</span> <span class='ocrx_word' id='word_1_259' title='bbox 1868 4253 2048 4318; x_wconf 90' lang='lat' dir='ltr'>hunc</span> <span class='ocrx_word' id='word_1_260' title='bbox 2092 4258 2211 4318; x_wconf 90' lang='lat' dir='ltr'>aut</span> <span class='ocrx_word' id='word_1_261' title='bbox 2270 4253 2511 4338; x_wconf 89' lang='lat' dir='ltr'>possim</span> <span class='ocrx_word' id='word_1_262' title='bbox 2559 4260 2678 4319; x_wconf 87' lang='lat' dir='ltr'>aut</span> 
     </span>
     <span class='ocr_line' id='line_1_34' title="bbox 571 4352 2705 4440; baseline 0.001 -21"><span class='ocrx_word' id='word_1_263' title='bbox 571 4353 850 4420; x_wconf 86' lang='lat' dir='ltr'>audeam</span> <span class='ocrx_word' id='word_1_264' title='bbox 914 4352 1336 4440; x_wconf 86' lang='lat' dir='ltr'>aliquatenus</span> <span class='ocrx_word' id='word_1_265' title='bbox 1405 4359 1752 4420; x_wconf 82' lang='lat' dir='ltr'>attentare.</span> <span class='ocrx_word' id='word_1_266' title='bbox 1879 4354 2043 4422; x_wconf 85' lang='lat' dir='ltr'>Haec</span> <span class='ocrx_word' id='word_1_267' title='bbox 2118 4353 2283 4418; x_wconf 90' lang='lat' dir='ltr'>mihi</span> <span class='ocrx_word' id='word_1_268' title='bbox 2350 4355 2493 4440; x_wconf 85' lang='lat' dir='ltr'>jam</span> <span class='ocrx_word' id='word_1_269' title='bbox 2570 4361 2705 4424; x_wconf 93' lang='lat' dir='ltr'>tot.</span> 
     </span>
     <span class='ocr_line' id='line_1_35' title="bbox 572 4455 2677 4542; baseline 0.003 -23"><span class='ocrx_word' id='word_1_270' title='bbox 572 4455 832 4520; x_wconf 84' lang='lat' dir='ltr'>invexit</span> <span class='ocrx_word' id='word_1_271' title='bbox 901 4455 1319 4522; x_wconf 88' lang='lat' dir='ltr'>incommoda</span> <span class='ocrx_word' id='word_1_272' title='bbox 1388 4462 1552 4542; x_wconf 89' lang='lat' dir='ltr'>quot</span> <span class='ocrx_word' id='word_1_273' title='bbox 1615 4477 2000 4522; x_wconf 89' lang='lat' dir='ltr'>enumerare</span> <span class='ocrx_word' id='word_1_274' title='bbox 2075 4455 2345 4542; x_wconf 85' lang='lat' dir='ltr'>longum</span> <span class='ocrx_word' id='word_1_275' title='bbox 2423 4462 2542 4536; x_wconf 90' lang='lat' dir='ltr'>est,</span> <span class='ocrx_word' id='word_1_276' title='bbox 2608 4465 2677 4525; x_wconf 90' lang='lat' dir='ltr'>et</span> 
     </span>
    </p>

    <p class='ocr_par' dir='ltr' id='par_1_10' title="bbox 569 4558 2673 4686">
     <span class='ocr_line' id='line_1_36' title="bbox 569 4558 2673 4686; baseline 0.002 -64"><span class='ocrx_word' id='word_1_277' title='bbox 569 4579 720 4644; x_wconf 86' lang='lat' dir='ltr'>quae</span> <span class='ocrx_word' id='word_1_278' title='bbox 783 4559 994 4645; x_wconf 82' lang='lat' dir='ltr'>magis</span> <span class='ocrx_word' id='word_1_279' title='bbox 1043 4558 1455 4644; x_wconf 88' lang='lat' dir='ltr'>supprimere</span> <span class='ocrx_word' id='word_1_280' title='bbox 1522 4579 1720 4686; x_wconf 86' lang='lat' dir='ltr'>quam</span> <span class='ocrx_word' id='word_1_281' title='bbox 1790 4558 2041 4646; x_wconf 87' lang='lat' dir='ltr'>scripto</span> <span class='ocrx_word' id='word_1_282' title='bbox 2108 4559 2454 4644; x_wconf 87' lang='lat' dir='ltr'>propalare</span> <span class='ocrx_word' id='word_1_283' title='bbox 2500 4582 2673 4628; x_wconf 89' lang='lat' dir='ltr'>com-</span> 
     </span>
    </p>

    <p class='ocr_par' dir='ltr' id='par_1_11' title="bbox 571 4659 1282 4747">
     <span class='ocr_line' id='line_1_37' title="bbox 571 4659 1282 4747; baseline 0.003 -23"><span class='ocrx_word' id='word_1_284' title='bbox 571 4659 766 4747; x_wconf 88' lang='lat' dir='ltr'>pellit</span> <span class='ocrx_word' id='word_1_285' title='bbox 811 4659 1282 4727; x_wconf 87' lang='lat' dir='ltr'>erubescentia.</span> 
     </span>
    </p>
   </div>
   <div class='ocr_carea' id='block_1_3' title="bbox 636 4779 2661 4878">
    <p class='ocr_par' dir='ltr' id='par_1_12' title="bbox 636 4779 2661 4878">
     <span class='ocr_line' id='line_1_38' title="bbox 636 4779 2661 4878; baseline 0.001 -18"><span class='ocrx_word' id='word_1_286' title='bbox 636 4811 653 4842; x_wconf 87' lang='lat'><strong>¹</strong></span> <span class='ocrx_word' id='word_1_287' title='bbox 693 4811 964 4876; x_wconf 63' lang='lat' dir='ltr'>Egyptum,</span> <span class='ocrx_word' id='word_1_288' title='bbox 987 4811 1051 4864; x_wconf 82' lang='lat' dir='ltr'>G.</span> <span class='ocrx_word' id='word_1_289' title='bbox 1608 4813 1617 4878; x_wconf 89' lang='grc' dir='ltr'>Ι</span> <span class='ocrx_word' id='word_1_290' title='bbox 1744 4811 1765 4844; x_wconf 76' lang='lat'><strong>2</strong></span> <span class='ocrx_word' id='word_1_291' title='bbox 1801 4815 1851 4861; x_wconf 84' lang='lat' dir='ltr'>in</span> <span class='ocrx_word' id='word_1_292' title='bbox 1869 4813 2102 4877; x_wconf 56' lang='lat' dir='ltr'>partlm&amp;</span> <span class='ocrx_word' id='word_1_293' title='bbox 2128 4815 2191 4864; x_wconf 89' lang='lat' dir='ltr'>G.</span> <span class='ocrx_word' id='word_1_294' title='bbox 2632 4779 2661 4786; x_wconf 60' lang='lat'>-</span> 
     </span>
    </p>
   </div>
   <div class='ocr_carea' id='block_1_4' title="bbox 1257 4927 1569 4935">
    <p class='ocr_par' dir='ltr' id='par_1_13' title="bbox 1257 4927 1569 4935">
     <span class='ocr_line' id='line_1_39' title="bbox 1257 4927 1569 4935; baseline 0.006 -1"><span class='ocrx_word' id='word_1_295' title='bbox 1257 4927 1569 4935; x_wconf 82' lang='lat'>--—·—-——</span> 
     </span>
    </p>
   </div>
   <div class='ocr_carea' id='block_1_5' title="bbox 1572 4927 1970 4935">
    <p class='ocr_par' dir='ltr' id='par_1_14' title="bbox 1572 4927 1970 4935">
     <span class='ocr_line' id='line_1_40' title="bbox 1572 4927 1970 4935; baseline 0 865"><span class='ocrx_word' id='word_1_296' title='bbox 1572 4927 1970 4935; x_wconf 95' lang='lat' dir='ltr'> </span> 
     </span>
    </p>
   </div>
   <div class='ocr_carea' id='block_1_6' title="bbox 231 5711 748 5800">
    <p class='ocr_par' dir='ltr' id='par_1_15' title="bbox 231 5711 748 5800">
     <span class='ocr_line' id='line_1_41' title="bbox 231 5711 748 5800; baseline 0 0"><span class='ocrx_word' id='word_1_297' title='bbox 231 5711 748 5800; x_wconf 95' lang='lat' dir='ltr'> </span> 
     </span>
    </p>
   </div>
   <div class='ocr_carea' id='block_1_7' title="bbox 3604 808 3608 2473">
    <p class='ocr_par' dir='ltr' id='par_1_16' title="bbox 3604 808 3608 2473">
     <span class='ocr_line' id='line_1_42' title="bbox 3604 808 3608 2473; baseline 0 0"><span class='ocrx_word' id='word_1_298' title='bbox 3604 808 3608 2473; x_wconf 95' lang='lat' dir='ltr'> </span> 
     </span>
    </p>
   </div>
   <div class='ocr_carea' id='block_1_8' title="bbox 3605 4791 3607 5533">
    <p class='ocr_par' dir='ltr' id='par_1_17' title="bbox 3605 4791 3607 5533">
     <span class='ocr_line' id='line_1_43' title="bbox 3605 4791 3607 5533; baseline 0 0"><span class='ocrx_word' id='word_1_299' title='bbox 3605 4791 3607 5533; x_wconf 95' lang='lat' dir='ltr'> </span> 
     </span>
    </p>
   </div>
  </div>
 </body>
</html>
