3634 5800
687 758 818 809 Aa).
856 741 1082 829 1169.]
1567 755 1927 831 nms'ronzn.
2712 742 2793 805 95

683 942 905 1019 traria,
952 962 1072 1028 pro
1115 940 1370 1005 domini
1413 961 1604 1027 papae
1649 939 2039 1016 reverentia,
2086 942 2156 1004 et
2200 944 2445 1005 sanctae
2478 938 2794 1005 Romanae

681 1043 969 1109 ecclesiae
1033 1043 1259 1109 debita
1322 1042 1692 1119 devotione,
1761 1038 2119 1107 honorifice
2186 1042 2461 1127 suscepi,
2528 1048 2598 1107 et
2662 1063 2796 1127 qua

683 1143 910 1210 decuit
981 1145 1215 1210 audivi
1288 1145 1725 1230 benignitate,
1801 1144 2194 1209 mandatum
2270 1144 2525 1210 domini
2601 1166 2793 1231 papae

684 1246 980 1311 modeste
1037 1246 1395 1312 admodum
1470 1245 1853 1321 admittens,
1930 1244 2109 1330 quod
2184 1246 2312 1329 ipsi
2389 1245 2791 1324 deferebant,

684 1345 842 1412 licet
885 1369 992 1413 me
1035 1348 1108 1411 in
1152 1348 1318 1412 meis
1361 1353 1720 1432 gravatum
1767 1346 2100 1422 sentirem,
2150 1367 2313 1431 quos
2357 1346 2488 1433 ipsi
2534 1368 2795 1412 excom-

687 1448 1056 1514 municatos
1099 1449 1452 1526 habebant,
1500 1448 2023 1513 extraordinarie
2066 1448 2483 1533 praecipitata
2526 1450 2599 1513 in
2644 1448 2794 1514 illos

685 1552 1036 1629 sententia,
1096 1552 1307 1637 magis
1384 1572 1468 1615 ex
1535 1550 1793 1637 impetu
1860 1551 2069 1615 animi
2130 1556 2201 1615 et
2275 1556 2463 1616 motu
2530 1554 2793 1629 mentis,

687 1673 887 1737 quam
931 1674 1016 1717 ex
1081 1653 1360 1718 rationis
1427 1653 1672 1718 librata
1739 1652 2059 1738 aequitate
2126 1653 2237 1717 vel
2298 1653 2794 1719 deliberationis

681 1753 972 1819 consilio.
1063 1753 1234 1820 Cum
1283 1758 1510 1819 autem
1573 1775 1773 1841 super
1817 1754 1943 1819 hoc
1987 1754 2245 1818 diutius
2309 1776 2522 1819 sermo
2599 1755 2793 1819 duce-

686 1859 888 1932 retur,
932 1855 1098 1941 petii
1162 1861 1241 1920 ut
1307 1854 1811 1921 absolverentur
1835 1854 1858 1893 1
1930 1876 2094 1940 quos
2158 1856 2286 1941 ipsi
2350 1856 2446 1923 sic
2506 1856 2749 1943 ligatos
2770 1855 2795 1895 ⁹·

685 1954 1040 2022 habebant.
1117 1956 1258 2042 Ipsi
1278 1953 1304 1993 ³
1347 1979 1504 2023 vero
1536 1979 1605 2022 se
1635 1957 1784 2022 illos
1832 1957 2247 2024 absoluturos
2292 1958 2792 2045 promittebant,

686 2059 741 2122 si
787 2058 923 2123 illis
969 2060 1284 2125 securitas
1321 2060 1656 2145 juratoria
1699 2066 2132 2145 praestaretur
2175 2062 2262 2127 ab
2306 2063 2573 2139 eisdem,
2616 2062 2794 2147 quod

684 2160 972 2227 absoluti
1001 2162 1294 2247 ipsorum
1341 2167 1650 2246 parerent
1692 2162 1987 2227 arbitrio.
2080 2162 2262 2228 Hinc
2305 2168 2529 2229 autem
2575 2168 2795 2229 motus

684 2262 1156 2341 vehementius,
1196 2263 1426 2349 juravi
1472 2264 1652 2349 quod
1683 2264 2067 2329 nullatenus
2099 2271 2587 2331 sacramentum
2636 2266 2793 2331 inde

683 2370 1090 2451 praestarent,
1137 2365 1270 2443 sed,
1301 2366 1359 2429 si
1403 2365 1676 2446 vellent,
1723 2388 1764 2431 a
1809 2366 1998 2432 laicis
2046 2366 2203 2431 fidei
2264 2368 2791 2452 interpositione,

683 2487 726 2531 a
769 2466 1022 2532 clericis
1051 2466 1122 2529 in
1169 2467 1372 2531 verbo
1417 2467 1722 2532 veritatis
1766 2468 2213 2553 promissione,
2246 2470 2341 2535 eis
2370 2470 2791 2535 securitatem

684 2568 826 2633 fieri
871 2567 1172 2645 facerem,
1216 2574 1297 2633 ut
1341 2573 1756 2634 mererentur
1799 2570 2075 2634 absolvi.
2170 2569 2315 2655 Ipsi
2357 2576 2603 2650 autem,
2654 2594 2793 2638 esse

686 2669 810 2735 hoc
872 2677 1267 2737 extraneum
1334 2692 1375 2735 a
1442 2670 1920 2736 consuetudine
1984 2677 2363 2749 asserenteS,
2426 2677 2494 2737 et
2556 2693 2598 2737 a
2661 2674 2791 2737 sibi

683 2774 986 2857 injuncto
1032 2778 1262 2839 tenore
1315 2773 1609 2838 alienum
1655 2772 2077 2849 affirmantes»,
2122 2774 2441 2838 dixerunt
2482 2776 2660 2859 quod
2704 2776 2791 2840 ad

683 2876 808 2943 hoc
850 2882 1150 2944 vestrum
1193 2876 1439 2942 habere
1482 2874 1738 2942 vellent
1779 2876 2146 2953 consilium,
2193 2878 2311 2962 qui
2341 2882 2410 2942 et
2471 2877 2792 2965 archiepi-
2817 2897 3095 2952 Referenee

685 2999 918 3065 scopus
965 2984 1034 3044 et
1078 2978 1460 3064 apostolicae
1509 2978 1688 3044 sedis
1737 2977 1999 3065 legatus
2045 2980 2221 3056 estis,
2278 2986 2358 3044 ut
2432 2981 2489 3044 si
2534 2980 2661 3047 hoc
2704 3003 2789 3046 ex
2817 2967 3127 3096 fgetffishop

685 3086 905 3145 vestro
947 3080 1273 3144 haberent
1338 3079 1630 3157 consilio,
1677 3101 1795 3165 pro
1857 3080 2280 3150 excusatione
2325 3081 2419 3145 eis
2450 3081 2792 3160 sufficeret,
2819 3099 2883 3147 of
2896 3097 3044 3150 sens.

684 3183 742 3246 si
787 3183 1144 3268 aliquando
1209 3181 1752 3268 transgressionis
1812 3188 2086 3267 propter
2142 3182 2267 3249 hoc
2333 3191 2786 3269 arguerentur.

682 3283 973 3350 Mittunt
1017 3285 1244 3368 itaque
1289 3283 1374 3347 ad
1421 3302 1560 3359 vos,
1606 3287 1676 3346 et
1722 3303 1843 3368 ego
1912 3284 2129 3364 mitto,
2176 3289 2243 3348 et
2295 3306 2525 3370 precor
2592 3286 2787 3371 quod,

681 3385 918 3451 honori
962 3405 1110 3450 meo
1155 3389 1225 3448 et
1268 3383 1608 3449 commodo
1655 3384 2092 3462 consulenteS,
2138 3385 2225 3449 ad
2270 3386 2396 3451 hoc
2440 3387 2789 3452 consilium

681 3495 979 3554 vestrum
1023 3486 1387 3573 applicetis.
1481 3485 1757 3552 Confido
1787 3491 2013 3552 autem
2044 3493 2425 3554 constanter
2466 3491 2548 3555 de
2579 3491 2788 3568 vobis,

682 3610 878 3674 quem
924 3611 1041 3676 pro
1109 3608 1367 3652 summo
1428 3585 1639 3652 amico
1706 3587 2103 3672 complector
2123 3587 2151 3626 ⁴
2212 3611 2362 3655 cum
2439 3591 2788 3658 abundan-

681 3693 942 3758 tissima
984 3691 1359 3766 devotione,
1407 3690 1586 3775 quod
1617 3689 1690 3754 in
1733 3689 1858 3755 hoc
1904 3694 1974 3754 et
2018 3691 2091 3754 in
2109 3691 2135 3728 ⁶
2178 3692 2331 3757 aliis
2376 3693 2540 3758 meis
2586 3714 2785 3780 nego-

681 3794 798 3860 tiis
856 3799 927 3858 et
968 3792 1255 3879 gratiam
1327 3790 1618 3868 uberem,
1665 3796 1733 3856 et
1791 3791 2211 3876 diligentiam
2260 3795 2670 3882 vigilantem,
2717 3801 2788 3860 et

681 3896 1128 3961 firmissimam
1202 3892 1600 3958 fidelitatem
1677 3891 2093 3958 exhibebitis.
2214 3895 2561 3963 Desiderio
2638 3920 2785 3963 meo

679 3997 1044 4083 plurimum
1123 3994 1506 4059 successisse
1574 3999 1954 4079 reputarem
2028 3996 2088 4060 si
2180 3996 2525 4063 vobiscum
2600 4000 2786 4086 loqui

677 4120 950 4186 possem,
999 4096 1116 4162 sed
1160 4096 1442 4161 aliorum
1487 4095 1904 4180 negotiorum
1950 4096 2274 4162 instantia
2318 4098 2443 4164 hoc
2488 4101 2574 4165 ad
2618 4123 2786 4187 prae-

680 4223 829 4266 sens
879 4200 1020 4265 fieri
1069 4198 1392 4285 prohibet.
1513 4197 1675 4262 Peto
1720 4198 1949 4283 itaque
1996 4204 2325 4283 quatenus
2371 4201 2657 4286 aliquem
2704 4204 2787 4269 de

747 4411 765 4444 1
801 4411 1139 4470 absolverent,
1165 4407 1232 4459 L,
1854 4412 1875 4443 ⁴
1907 4410 2216 4476 complector,
2254 4415 2325 4476 A,
2366 4415 2449 4478 05
2496 4415 2785 4482 amplector,

747 4490 770 4523 ²
800 4489 1005 4554 legatos,
1027 4490 1098 4540 A.
1783 4490 1842 4551 Z,
1865 4490 1927 4539 L.

745 4571 768 4604 ³
798 4569 908 4636 Ipsi
944 4606 959 4620 .
993 4603 1006 4617 .
1044 4603 1058 4617 .
1087 4565 1465 4633 promittebant,
1496 4567 1563 4628 A,
1597 4567 1680 4628 03
1850 4568 1871 4600 ⁶
1904 4570 1979 4632 in,
2002 4571 2074 4630 Z;
2110 4587 2210 4622 om.
2232 4573 2295 4623 L.

679 4665 776 4700 om.
799 4648 861 4698 L.
