3634 5800
662 918 793 969 an.
829 900 1051 986 1170.]
1531 884 1898 965 nrisronfflz.
2641 901 2771 971 377

664 1107 977 1185 volentes,
1022 1111 1091 1172 et
1154 1105 1479 1173 carissimi
1541 1107 1615 1170 in
1676 1104 1946 1171 Christo
2014 1105 2140 1169 filii
2205 1107 2418 1171 nostri
2482 1106 2761 1171 Henrici

671 1208 950 1273 illustris
1011 1208 1379 1295 Anglorum
1440 1206 1615 1293 regis
1662 1207 1811 1293 (qui
1867 1212 2122 1293 quanto
2184 1208 2399 1273 eidem
2445 1208 2770 1293 archiepi-

671 1332 864 1397 scopo
938 1311 1219 1397 majores
1293 1310 1777 1396 persecutiones
1847 1315 1916 1375 et
1965 1310 2304 1377 molestias
2378 1312 2629 1389 intulit,
2702 1316 2772 1375 et

671 1412 957 1499 amplius
1025 1413 1244 1499 ipsum
1264 1410 1290 1449 ¹
1357 1410 1693 1497 gravavit,
1742 1416 1936 1477 tanto
1995 1412 2210 1498 magis
2279 1411 2580 1498 deliquit,
2649 1432 2772 1479 nec

673 1518 899 1601 potest
943 1518 1211 1579 tantum
1264 1514 1533 1600 expiare
1576 1512 1913 1590 delictum,
1959 1514 2093 1578 nisi
2153 1514 2548 1579 restituatur
2590 1514 2774 1579 abla-

674 1620 822 1681 tum
840 1614 895 1701 2)
938 1614 1303 1682 consultius
1331 1616 1701 1703 prospicere
1732 1616 2073 1703 cupientes
2119 1615 2338 1695 saluti,
2369 1615 2778 1683 fraternitati

676 1722 919 1785 vestrae
962 1740 1081 1805 per
1125 1717 1487 1804 apostolica
1543 1719 1793 1805 scripta
1854 1718 2300 1804 praecipiendo
2362 1719 2780 1795 mandamus,

678 1824 748 1885 et
807 1820 881 1884 in
937 1820 1193 1885 virtute
1251 1819 1651 1886 obedientiae
1718 1820 2157 1907 praecipimus
2213 1826 2558 1907 quatenus,
2603 1820 2781 1885 infra

678 1921 924 2008 viginti
970 1920 1111 1987 dies
1172 1926 1324 2008 post
1369 1919 1605 1986 harum
1663 1922 2165 2008 susceptionem,
2227 1924 2509 1989 eundem
2555 1943 2776 2008 regem

681 2044 767 2089 ex
812 2028 1002 2110 parte
1046 2028 1274 2089 nostra
1319 2023 1675 2109 diligenter
1714 2024 2146 2102 conveniatis
2175 2044 2584 2091 commonere
2629 2044 2780 2110 pro-

683 2124 951 2212 pensius
1020 2129 1091 2189 et
1159 2124 1523 2191 exhortari·
1576 2124 1839 2203 curetiS,
1905 2131 1984 2191 ut
2059 2146 2284 2212 pacem
2363 2148 2565 2211 quam
2637 2146 2792 2193 cum

682 2227 913 2293 eodem
942 2226 1426 2313 archiepiscopo
1465 2228 1863 2293 verbotenus
1911 2226 2086 2307 feeit,
2121 2229 2542 2294 exsecutione
2573 2228 2787 2313 operis

684 2327 1026 2416 compleat.
1120 2328 1577 2394 Nihilominus
1624 2329 1827 2395 etiam
1879 2329 2093 2395 eidem
2128 2331 2296 2417 [regi
2312 2328 2363 2415 3]
2397 2329 2786 2417 suggeratis,

689 2436 768 2495 ut
834 2430 1257 2517 postmodum
1328 2430 1555 2497 ablata
1624 2431 1848 2496 omnia
1917 2432 2248 2509 restituat,
2315 2432 2560 2497 damna
2635 2432 2794 2496 data

685 2533 1013 2610 resarciat,
1058 2554 1297 2619 pravas
1360 2538 1431 2597 et
1486 2533 1921 2599 exsecrabiles
1963 2533 2475 2600 consuetudines
2522 2533 2792 2598 omnino

688 2633 1019 2721 praecidat
1113 2634 1189 2700 Si
1234 2639 1473 2711 autem,
1508 2634 1681 2701 infra
1726 2635 2009 2721 triginta
2053 2636 2194 2701 dies
2237 2639 2387 2721 post
2441 2634 2795 2701 commoni-

693 2737 944 2802 tionem
1009 2742 1320 2814 vestram,
1366 2758 1594 2822 pacem
1643 2758 1844 2822 quam
1891 2737 2136 2803 statuit
2179 2743 2248 2803 et
2292 2736 2598 2823 promisit
2643 2757 2796 2803 con-

692 2858 1022 2905 summare
1087 2836 1397 2917 noluerit,
1442 2838 1514 2903 in
1564 2843 1708 2906 tota
1752 2842 1935 2905 terra
1978 2838 2124 2926 ejus
2171 2839 2525 2906 cismarina
2577 2837 2798 2904 omnia

691 2940 943 3021 divina,
1005 2945 1248 3025 praeter
1314 2939 1649 3028 baptisma
1723 2941 2154 3029 parvulorum
2231 2946 2301 3006 et
2367 2941 2800 3026 poenitentias

692 3041 1135 3120 morientium,
1183 3048 1439 3108 remoto
1480 3042 1947 3130 appellationis
1993 3043 2348 3120 obstacu10,
2394 3041 2802 3129 prohibeatis

696 3144 909 3222 officia
952 3145 1303 3211 celebrari:
1369 3146 1462 3210 Et
1506 3147 1906 3211 sententiam
1972 3146 2202 3232 ipsam,
2249 3167 2458 3231 usque
2519 3146 2602 3211 ad
2652 3166 2806 3211 con-

696 3249 969 3334 dignam
985 3245 1013 3286 4
1060 3248 1597 3326 satisfactionem,
1630 3247 1895 3315 faciatis
1939 3247 2418 3314 inviolabiliter
2447 3247 2807 3313 observari.

701 3349 894 3431 Quod
948 3349 1005 3414 si
1036 3355 1321 3437 uterque
1338 3351 1365 3390 ⁶
1411 3357 1727 3428 vestrum,
1772 3350 2000 3436 aliqua
2043 3350 2437 3416 necessitate
2481 3350 2806 3425 obstante,

696 3451 899 3537 hujus
930 3451 1026 3517 rei
1058 3453 1469 3519 exsecutioni
1511 3473 1647 3518 non
1677 3451 1975 3538 potuerit
2004 3457 2125 3516 aut
2153 3451 2446 3517 noluerit
2475 3452 2807 3528 interesse,

699 3553 907 3639 (quod
951 3559 1175 3619 tamen
1220 3553 1544 3619 nollemus
1584 3575 1709 3619 nec
1753 3553 2126 3640 expediret)
2180 3553 2352 3619 alter
2408 3573 2543 3619 non
2588 3553 2808 3617 minus

700 3656 773 3722 id
807 3656 986 3743 quod
1032 3657 1285 3722 dictum
1330 3660 1435 3721 est
1481 3660 1897 3741 exsequatur.
1991 3655 2245 3721 Datum
2292 3654 2619 3740 Anagniae
2663 3675 2807 3741 sep-

698 3759 865 3824 timo
910 3755 1062 3823 idus
1109 3758 1431 3842 Octobris.

2537 3905 2739 3912 .—-—-.-...

772 3983 789 4015 ¹
822 3985 1000 4048 ipsum,
1024 3982 1089 4044 Ο,
1114 3981 1154 4031 Ζ
1174 4002 1187 4041 ;
1229 3980 1503 4044 Christum,
1526 3983 1588 4032 I».
1868 3981 1890 4014 ⁴
1924 3980 2144 4044 diqmzm,
2169 3982 2233 4041 Ο,
2256 3980 2326 4042 Z,
2361 3979 2674 4047 σοπιίἰςπαηι,
2698 3981 2758 4031 L.

769 4060 793 4094 ²
828 4060 1064 4119 ablutum,
1091 4061 1161 4110 V.
1868 4060 1890 4092 ὅ
1925 4059 2190 4123 alteruter,
2213 4057 2280 4110 L.

772 4141 793 4173 ³
826 4140 949 4206 reyi,
972 4139 1049 4200 L;
1082 4154 1183 4189 om.
1209 4139 1273 4200 O,
1297 4140 1359 4201 V,
1383 4139 1440 4188 Z.
