3634 5800
653 855 782 904 Aa).
822 842 1041 925 1169]
1521 858 1878 905 srisroLAE.
2449 865 2466 876 ·
2677 842 2760 908 :27

652 1050 880 1109 nostra
924 1042 1289 1127 dejectione
1333 1043 1507 1128 regis
1552 1041 1924 1127 Anglorum
1946 1040 1965 1078 ¹
1998 1040 2363 1107 satisfaciat
2409 1040 2761 1105 voluntati.

656 1143 857 1210 Patet
902 1165 1101 1230 quam
1146 1165 1451 1209 securum
1498 1143 1875 1220 transitum,
1923 1165 2124 1228 quam
2162 1142 2526 1227 jocundum
2589 1162 2762 1206 com-

653 1253 963 1324 meatum,
993 1247 1184 1313 nobis
1230 1246 1580 1332 diligentia
1609 1246 1896 1312 hominis
1941 1246 2370 1332 praeparabat.
2463 1244 2763 1308 Profecto

652 1370 788 1413 non
832 1348 996 1414 satis
1040 1346 1317 1414 curabat
1362 1347 1538 1412 unde
1602 1347 1958 1414 satisfieret
2001 1347 2440 1412 creditoribus
2502 1344 2760 1419 nostris,

654 1451 831 1514 unde
875 1450 1067 1516 sociis
1138 1450 1223 1532 (si
1289 1452 1438 1534 quis
1502 1454 1730 1514 tamen
1794 1448 2084 1514 inveniri
2153 1449 2402 1534 posset)
2465 1448 2551 1512 ad
2613 1467 2762 1531 pro·

652 1552 943 1618 cinctum
990 1551 1252 1616 itineris
1299 1551 1667 1616 necessaria
1714 1551 2273 1626 ministrarentur,
2320 1549 2495 1614 unde
2542 1565 2763 1640 sump-

650 1658 761 1717 tus
805 1653 1065 1716 itineris
1110 1652 1558 1738 procederent,
1602 1658 1673 1716 et
1735 1651 1975 1733 solatia
2038 1652 2418 1738 proscriptae
2457 1649 2762 1714 multitu—

652 1753 843 1832 dinis,
890 1775 1038 1840 quse
1098 1758 1249 1838 post
1314 1754 1739 1840 quinquenne
1786 1754 2097 1818 exsilium
2143 1775 2339 1839 egens
2387 1757 2455 1816 et
2517 1749 2763 1816 afflicta

654 1861 798 1922 erat
842 1841 915 1920 in
985 1856 1203 1922 tantis
1254 1855 1748 1922 calamitatibus
1817 1855 2194 1922 deserenda.
2288 1855 2536 1920 Eadem
2605 1873 2761 1918 sane

652 1957 1003 2044 diligentia
1046 1958 1553 2044 procurantium
1614 1957 1773 2035 haec,
1822 1956 2136 2044 quoniam
2184 1957 2356 2044 regis
2402 1977 2643 2020 nomen
2689 1955 2761 2018 in

653 2059 827 2125 hanc
872 2059 1315 2145 suspicionem
1363 2059 1820 2124 deducendum
1868 2081 2006 2124 esse
2052 2081 2185 2124 non
2249 2057 2592 2134 credimus,
2638 2077 2751 2142 po-

652 2167 876 2226 terant
918 2161 1258 2246 hospitum
1291 2161 1606 2226 utensilia
1634 2160 1951 2239 toxicari;
1991 2166 2060 2225 et
2105 2159 2368 2226 difficile
2415 2171 2516 2224 est
2547 2159 2756 2223 vitam

651 2283 915 2328 servare
958 2263 1371 2340 incolumem,
1418 2263 1525 2328 cui
1586 2263 1943 2326 insidiatur
1985 2262 2040 2326 is
2103 2262 2237 2347 qui·
2279 2261 2392 2346 jus
2435 2259 2640 2325 habet
2683 2259 2755 2323 in

650 2364 970 2429 familiam
1016 2368 1245 2429 totam.
1337 2363 1427 2430 Et
1470 2385 1553 2429 ne
1615 2365 1687 2428 in
1732 2364 1857 2430 hac
1921 2371 2108 2449 parte
2173 2363 2437 2430 scedula
2501 2366 2754 2448 protra-
2781 2395 2978 2446 Becket
3010 2397 3100 2447 de-

622 2463 931 2530 -hantur2
975 2471 1045 2530 et
1088 2465 1308 2544 verba,
1369 2466 1587 2550 quoad
1649 2466 1797 2530 vita
1863 2487 2076 2531 comes
2144 2465 2346 2530 suerit
2443 2485 2562 2530 nos
2635 2484 2754 2549 pro
2779 2461 2935 2511 ⁰¹5⁰oe
2959 2469 3014 2511 ‘⁰

652 2566 837 2631 nulla
880 2587 1175 2652 unquam
1222 2567 1567 2632 vocatione
1614 2571 1718 2631 tot
1763 2571 1832 2632 et
1897 2566 2104 2632 tantis
2149 2566 2456 2652 periculis
2500 2566 2754 2652 ingere-
2779 2527 3074 2644 gffidened

652 2689 814 2732 mus.
906 2667 1081 2732 Nam
1108 2667 1186 2734 si
1233 2667 1381 2753 quis
1426 2689 1511 2732 ex
1565 2688 1978 2752 quacumque
2025 2688 2222 2733 causa
2280 2673 2558 2732 mortem
2621 2688 2755 2731 non
2781 2658 2990 2776 &⁸5⁰⁰
3017 2668 3070 2710 ‘⁰

652 2770 997 2846 detrectat,
1044 2769 1257 2834 vitam
1316 2769 1577 2835 facilius
1621 2769 1868 2854 poterit
1931 2770 2104 2835 ferro
2150 2769 2257 2835 vel
2319 2770 2556 2855 laqueo
2624 2774 2754 2833 ter-
2863 2742 2960 2776 me.

652 2891 919 2937 minare.

740 2974 975 3060 Nuper
1002 2978 1226 3039 autem
1274 2973 1457 3039 misit
1504 2973 1677 3038 idem
1726 2997 1842 3039 rex
1875 2975 2146 3041 nuntios
2178 2996 2344 3051 suos,
2381 2975 2757 3060 episcopum
2783 2986 3002 3038 Mission

654 3076 964 3142 videlicet
1033 3076 1436 3163 sagiensem,
1483 3082 1547 3142 et
1606 3076 2014 3143 Gaufredum
2064 3076 2608 3143 cantuariensem
2654 3098 2756 3141 ar·
2783 3053 2964 3183 {2352
2989 3128 3008 3170 t
3011 3138 3042 3171 ο

652 3176 1131 3257 chidiaconum‚
1198 3180 1283 3243 ad
1360 3178 2006 3244 Christianissimum
2081 3200 2318 3265 regem,
2395 3178 2756 3245 sollicitans
2783 3186 2961 3237 Levis.

651 3300 803 3344 cum
866 3280 1169 3365 precibus
1237 3284 1307 3344 et
1375 3279 1711 3365 promissis
1774 3285 1854 3344 ut
1920 3300 2039 3344 nos
2103 3279 2368 3364 ejiceret
2430 3279 2512 3343 de
2579 3286 2758 3345 terra

650 3404 785 3447 sua,
880 3382 1013 3447 Sed
1058 3382 1165 3445 vir
1210 3382 1351 3446 Deo
1396 3381 1632 3467 plenus
1677 3381 2018 3467 respondit
2061 3402 2131 3445 se
2161 3380 2286 3447 hoc
2319 3382 2434 3466 jus
2479 3380 2758 3446 haeredi-
2781 3394 2894 3444 The

652 3483 895 3548 tarium
941 3483 1028 3547 ab
1072 3483 1597 3549 antecessoribus
1658 3484 2080 3559 contraxisse,
2127 3487 2197 3548 et
2241 3502 2495 3568 semper
2555 3482 2757 3547 fuisse
2781 3460 2980 3591 ξξξέζῦ

567 3581 579 3587 ’
650 3584 1149 3651 consuetudinis
1210 3584 1400 3671 regni
1448 3583 1869 3661 Francorum,
1915 3590 1994 3648 ut
2037 3603 2263 3649 omnes
2309 3605 2428 3670 pro
2491 3583 2760 3670 justitia
2783 3607 2994 3643 answer.

650 3685 1028 3751 exsulantes
1092 3686 1377 3772 benigne
1420 3684 1715 3770 recipiat,
1762 3690 1832 3776 et
1874 3685 1969 3750 eis
2033 3686 2275 3751 debitae
2319 3684 2759 3751 humanitatis

648 3770 886 3853 solatia
914 3787 1301 3873 impendat;
1348 3791 1418 3852 et
1460 3810 1529 3853 se
1576 3787 1752 3852 dixit
1781 3808 2122 3873 nunquam
2173 3794 2308 3851 tam
2355 3786 2756 3853 laudabilem

649 3888 1107 3955 haereditatem
1154 3896 1223 3955 et
1269 3890 1412 3954 Deo
1474 3894 1737 3975 gratam
1785 3912 1868 3954 ex
1939 3912 2136 3955 causa
2199 3891 2496 3975 qualibet
2540 3892 2756 3955 deser-

650 3995 891 4055 turum.
983 3991 1253 4076 Adjecit
1320 3991 1543 4068 etiam,
1588 3990 1763 4075 quod
1831 4011 1952 4056 nos
2019 3997 2355 4077 receperat
2423 3992 2504 4058 de
2551 4014 2753 4057 manu

650 4090 899 4156 domini
969 4113 1176 4177 papae,
1224 4114 1421 4177 quem
1490 4092 1700 4157 solum
1750 4092 1822 4156 in
1887 4092 2080 4157 terris
2144 4092 2348 4157 habet
2393 4092 2753 4170 dominum,

650 4198 721 4256 et
781 4192 932 4257 ideo
994 4213 1117 4258 nec
1180 4214 1300 4278 pro
1365 4192 1783 4279 imperatore,
1847 4216 1969 4260 nec
2035 4216 2154 4279 pro
2216 4215 2386 4281 rege,
2447 4216 2573 4261 nec
2633 4217 2754 4281 pro

649 4294 876 4379 aliqua
934 4294 1170 4359 mundi
1234 4291 1564 4379 potestate
1629 4295 2078 4374 dimissurum,
2123 4295 2288 4380 quin
2349 4296 2574 4361 foveat
2633 4319 2755 4363 nos

652 4402 721 4461 et
767 4417 1032 4463 causam
1079 4402 1373 4463 nostram
1440 4398 1759 4483 quamdiu
1804 4418 2068 4463 necesse
2135 4398 2377 4478 fuerit3
2438 4400 2752 4485 quoniam

654 4562 742 4569 ...-

982 4660 995 4692 ¹
1032 4660 1329 4725 Auqlorum,
1355 4660 1423 4721 Z;
1460 4656 1678 4726 Anyle'oe,
1699 4662 1759 4712 L.

976 4738 998 4771 2
1026 4737 1419 4807 protrahantur,
1457 4739 1523 4800 A,
1557 4740 1621 4800 Ο,
1654 4740 1727 4799 Ζς
1765 4738 2126 4805 protrahatur,
2152 4742 2213 4795 L.
