3634 5800
857 841 985 908 164
1089 898 1095 904 .
1736 848 2099 908 EPISTOLAE.
2580 843 2739 927 [Am.
2775 845 2967 912 1169.

856 1047 1215 1133 respondit,
1263 1068 1330 1112 se
1377 1069 1462 1112 ex
1507 1047 1730 1116 animo
1775 1046 2063 1113 libenter
2110 1046 2449 1114 remittere
2496 1070 2581 1114 ex
2626 1054 2815 1135 parte
2847 1069 2968 1116 sua

857 1151 1137 1218 offensas
1183 1156 1252 1216 et
1297 1150 1609 1236 querelas,
1676 1151 1732 1214 si
1802 1171 1966 1235 quas
2012 1155 2241 1216 contra
2285 1170 2404 1216 nos
2450 1151 2814 1231 habuerat3
2876 1158 2965 1228 et,

743 1267 748 1272 “
858 1254 941 1321 de
985 1255 1090 1318 his
1137 1275 1284 1339 quae
1329 1274 1690 1340 proponere
1737 1252 2060 1316 vellemus
2090 1253 2407 1319 adversus
2452 1275 2622 1332 eum,
2654 1259 2965 1339 paratum

537 4028 644 4077 The
669 4028 776 4077 kias

538 4094 598 4144 of
618 4108 770 4158 peace

541 4161 755 4235 refused.

857 1378 997 1422 esse
1041 1361 1216 1422 stare
1261 1355 1442 1422 dicto
1486 1354 1685 1420 curiae
1731 1354 1985 1419 domini
2029 1355 2133 1419 sui
2180 1355 2353 1438 regis
2399 1355 2823 1435 Francorum,
2853 1355 2964 1422 vel

849 1457 1104 1542 judicio
1135 1455 1420 1523 ecclesiae
1467 1455 1845 1532 Gallicanae,
1878 1461 1997 1521 aut
2042 1455 2437 1522 scholarium
2472 1457 2965 1526 Parisiensium.

861 1561 1011 1640 Quo
1057 1559 1305 1640 audit0,
1370 1557 1825 1643 respondimus
1893 1579 2013 1622 nos
2076 1557 2275 1626 curiae
2344 1559 2596 1627 domini
2658 1560 2849 1645 regis,
2910 1559 2966 1624 si

861 1663 922 1728 ei
997 1661 1301 1746 placeret,
1395 1665 1515 1724 aut
1607 1659 1895 1726 ecclesiae
1995 1659 2369 1736 Gallicanae,
2446 1681 2581 1726 non
2678 1661 2967 1728 refutare

854 1763 1224 1849 judicium;
1284 1761 1480 1826 malle
1549 1767 1792 1839 tamen,
1858 1762 1915 1826 si
1985 1761 2166 1827 illius
2229 1763 2485 1830 sederet
2528 1763 2769 1840 anim0,
2815 1783 2966 1830 cum

863 1865 978 1930 illo
1023 1863 1460 1929 amicabiliter
1502 1883 1891 1948 componere
1938 1883 2136 1948 quam
2185 1865 2489 1949 litigare;
2548 1869 2619 1928 et
2664 1863 2720 1928 si
2767 1865 2966 1930 eccle·

863 1967 1029 2032 siam
1094 1972 1164 2032 et
1225 1965 1661 2052 possessiones
1736 1965 1927 2030 nobis
1996 1972 2064 2031 et
2110 1968 2359 2032 nostris
2420 1966 2679 2032 ablatas
2702 1965 2723 2004 ¹
2772 1966 2974 2034 vellet

862 2059 1226 2144 restituere,
1255 2073 1326 2134 et
1368 2067 1672 2153 gratiam,
1703 2073 1774 2132 et
1817 2087 2065 2152 pacem,
2094 2074 2163 2133 et
2210 2069 2627 2136 securitatem
2658 2073 2973 2154 praestare

863 2172 1055 2236 nobis
1131 2171 1202 2235 in
1265 2170 1488 2237 osculo
1562 2170 1757 2256 pacis,
1828 2171 2044 2256 parati
2105 2191 2367 2236 eramus
2430 2169 2600 2238 11οοῦ
2662 2171 2974 2256 recipere,

864 2273 1274 2358 postulantes
1323 2279 1394 2337 ut
1445 2271 1790 2338 mobilium
1860 2272 2232 2338 ablatorum
2298 2272 2725 2340 medietatem
2775 2273 2975 2340 eccle-

865 2377 982 2441 siae
1027 2375 1347 2451 redderet,
1393 2374 1479 2440 ad
1524 2375 1843 2443 solvenda
1892 2379 2121 2442 nostra
2182 2379 2253 2440 et
2296 2381 2670 2443 nostrorum
2730 2374 2974 2452 debita,

865 2479 952 2542 ad
1020 2481 1200 2543 sarta
1275 2480 1454 2544 tecta
1519 2475 1890 2553 reficienda,
1964 2476 2052 2542 ad
2128 2476 2523 2544 instruenda
2590 2476 2861 2562 praedia,
2910 2481 2979 2542 et

865 2581 1264 2668 reparandas
1311 2580 1532 2646 varias
1597 2579 1885 2646 ecclesiae
1952 2581 2397 2658 necessitates,
2446 2600 2594 2665 quae
2666 2579 2753 2646 ad
2798 2601 2975 2644 sum·

867 2704 1050 2746 mum
1100 2681 1512 2772 calamitati&
1561 2680 1942 2748 officialium
2006 2703 2277 2749 suorum
2347 2680 2862 2768 depopulatione
2908 2685 2976 2746 et

868 2784 1114 2862 fraude,
1160 2783 1481 2869 perducta
1523 2788 1639 2850 est.
1735 2783 1826 2848 Et
1868 2804 1952 2849 ne
2000 2789 2159 2849 vota
2204 2789 2435 2850 nostra
2486 2783 2757 2848 modum
2788 2781 2973 2846 vide-

869 2892 1102 2953 rentur
1153 2886 1487 2965 excedere,
1540 2889 1612 2953 et
1681 2890 1761 2952 ut
1832 2891 2045 2971 pacta,
2104 2886 2187 2953 ad
2246 2885 2709 2956 declinandam
2769 2884 2975 2953 lubri-

869 2991 1140 3055 citatem
1203 2988 1513 3065 hominis,
1559 2990 1632 3053 in
1690 2990 2085 3074 scripturam
2164 2989 2433 3057 redacta
2479 2988 2743 3055 fidelius
2794 2993 2977 3055 tene-

870 3096 1118 3169 rentur,
1168 3091 1229 3156 ei
1281 3090 1693 3175 petitionem,
1761 3112 1962 3178 quam
2010 3090 2202 3156 vobis
2256 3092 2571 3177 scriptam
2622 3090 2975 3167 mittimus,

870 3194 956 3257 ad
1001 3192 1386 3257 nuntiorum
1457 3210 1730 3255 suorum
1799 3190 2151 3257 arbitrium
2228 3191 2623 3276 castigatam
2674 3194 2744 3255 et
2808 3195 2976 3255 tem-

871 3300 1188 3381 peratam,
1233 3292 1510 3359 fecimus
1555 3292 1793 3370 offerri,
1847 3298 1925 3357 ut
1990 3293 2298 3357 omnibus
2350 3292 2790 3359 innotesceret
2857 3312 2977 3356 nos

871 3397 1126 3461 nullam
1172 3396 1369 3481 paciS,
1429 3414 1580 3478 quae
1625 3393 1914 3459 ecelesiae
1960 3393 2089 3459 Dei
2134 3393 2501 3461 tolerabilis
2564 3393 2681 3469 sit,
2727 3392 2978 3459 detrec-

869 3504 1012 3563 tare
1070 3496 1532 3562 conditionem.
1629 3494 1761 3559 Sed
1824 3494 1955 3570 ille,
2009 3495 2241 3561 audito
2300 3494 2544 3579 scripto
2590 3499 2659 3562 et
2706 3494 2794 3561 ab
2838 3516 2965 3559 om—

869 3602 1068 3665 nibus
1127 3602 1399 3685 propter
1441 3597 1717 3679 nimiam
1777 3597 2171 3665 modestiam
2231 3597 2615 3683 approbato,
2677 3602 2979 3662 materna

870 3702 1210 3787 respondit
1275 3699 1521 3784 lingua,
1569 3700 1664 3765 sic
1725 3698 2084 3766 amfractus
2130 3700 2484 3765 verborum
2536 3698 2739 3783 (quod
2785 3697 2973 3763 fami-

870 3806 1034 3870 liare
1107 3803 1336 3887 habet)
1438 3801 1797 3879 invertens,
1891 3806 1972 3867 ut
2046 3801 2557 3886 simplicioribus
2634 3801 2979 3867 videretur

873 3908 1184 3973 universa
1227 3904 1592 3981 concedere,
1625 3904 2031 3970 cautioribus
2076 3910 2299 3970 autem
2345 3924 2687 3989 perversas
2732 3908 2801 3969 et
2844 3926 2979 3971 non

875 4007 1182 4074 ferendas
1247 4006 1614 4071 immiscere
1681 4005 2107 4071 conditiones
2204 4006 2287 4070 In
2356 4026 2490 4071 uno
2557 4010 2785 4071 tamen
2830 4026 2982 4075 con-

877 4110 1178 4177 sentiunt
1221 4108 1536 4184 universi,
1607 4107 1784 4192 quod
1854 4128 1973 4173 nos
2040 4109 2113 4172 in
2182 4107 2401 4173 osculo
2469 4108 2648 4192 pacis
2691 4108 2980 4193 recipere

878 4234 1014 4277 non
1059 4210 1407 4295 acquievit.
1499 4207 1879 4273 Subintulit
1942 4231 2097 4295 ergo
2142 4208 2745 4275 Christianissimus
2799 4209 2982 4294 prin-

879 4334 1047 4401 cepe,
1095 4311 1288 4398 quod,
1319 4331 1440 4396 pro
1485 4314 1680 4376 tanta
1725 4311 2105 4396 quantitate
2148 4310 2295 4376 auri
2341 4315 2633 4394 quantus
2676 4310 2817 4395 ipse
2864 4315 2983 4394 est,

878 4438 1014 4481 non
1088 4413 1456 4480 consuleret
1531 4417 1610 4477 ut
1693 4417 1939 4477 terram
2017 4414 2072 4498 ej
2082 4434 2175 4490 us,
2242 4414 2372 4477 nisi
2450 4413 2637 4497 prius
2712 4417 2981 4498 accepto

879 4517 1141 4604 publice
1186 4515 1364 4601 pacis
1431 4513 1668 4592 oscu10,
1729 4514 2239 4600 ingrederemur.
2333 4515 2423 4579 Et
2466 4535 2681 4579 comes
2727 4514 2983 4581 Theod-

951 4785 966 4816 ¹
1002 4782 1224 4839 ablatas,
1247 4782 1313 4838 A,
1337 4780 1402 4839 Ο,
1428 4780 1498 4839 Ζ;
1536 4793 1636 4829 om.
1661 4778 1721 4828 L.
1919 4778 1929 4845 Ι
2045 4778 2067 4811 ²
2098 4778 2205 4839 hoc,
2229 4778 2316 4839 A;
2354 4779 2474 4840 hee,
2495 4780 2557 4832 L.
