3634 5800
541 1739 767 1807 Against

543 1805 790 1870 invading

541 1871 627 1922 the
651 1873 806 1936 privi-

539 1939 679 2002 leges
699 1940 759 1989 of

541 2004 755 2055 Cauter-

541 2069 690 2136 bury.

532 4118 749 4169 Eorbid-

533 4183 658 4249 ding
680 4202 714 4235 a
742 4250 754 4262 ι

531 4257 841 4302 coronation.

885 867 1014 931 256
1761 881 2120 932 ErisToLAE.
2608 870 2766 952 [Am.
2801 873 2926 938 117
2934 878 2996 939 0.

1729 1197 2132 1265 DCXLVII.

878 1351 1324 1416 ALEXANDER
1367 1368 1542 1416 PAPA
1586 1353 1905 1417 Roomuo
1954 1369 2377 1418 EssoRAansl
2424 1369 2995 1434 ARcflmmscoPO,

945 1471 1028 1518 ET
1074 1471 1444 1520 UNIVERSIS
1489 1471 1830 1519 EPISCOPIS
1875 1471 2009 1519 PER
2053 1456 2390 1520 ANGLIAM
2438 1456 2927 1522 CONSTITUTIS.¹

1281 1604 1373 1668 (Ο.
1403 1609 1491 1666 11;
1529 1605 1584 1654 Ζ.
1609 1603 1678 1654 iv.
1705 1607 1766 1654 47
1789 1625 1804 1664 ς
1842 1606 1973 1670 Lup.
1996 1603 2065 1656 iv,
2091 1609 2151 1655 41
2178 1627 2191 1666 3
2228 1606 2409 1655 Thom.
2434 1607 2580 1668 246.)

972 1732 1258 1813 Quantae
1303 1733 1720 1799 auctoritatis
1765 1739 1836 1799 et
1882 1734 2233 1820 dignitatis
2255 1733 2281 1772 ²
2321 1736 2767 1822 praerogativa
2814 1737 2985 1802 Can-

880 1836 1234 1901 tuariensis
1277 1836 1546 1902 ecclesia
1591 1839 1676 1900 ab
1739 1836 2018 1920 antiquo
2064 1835 2268 1902 fuerit
2336 1837 2661 1915 decorata,
2709 1843 2778 1904 et
2826 1860 2986 1923 quo-

883 1939 1075 2003 modo
1138 1960 1256 2002 nos
1321 1938 1381 2002 ei
1449 1938 1732 2003 velimus
1807 1939 2171 2024 dignitates
2236 1944 2306 2003 et
2358 1939 2517 2024 jura
2583 1960 2721 2017 sua,
2783 1940 2991 2023 juxta

880 2039 1074 2106 officii
1147 2041 1356 2105 nostri
1432 2040 1746 2116 debitum,
1823 2061 2227 2115 conservare,
2300 2039 2685 2105 fraternitas
2762 2047 2987 2107 vestra

879 2143 1074 2206 certis
1119 2146 1335 2226 potest
1378 2140 1643 2205 indiciis
1688 2161 2088 2226 cognoscere.
2184 2140 2602 2225 Quapropter
2632 2141 2821 2206 vobis
2868 2165 2987 2228 per

877 2243 1238 2328 apostolica
1279 2243 1526 2327 scripta
1571 2241 1979 2319 mandamus,
2012 2248 2081 2307 et
2125 2242 2502 2308 mandando
2548 2243 2987 2330 praecipimus,

880 2351 1206 2430 quatenus
1293 2349 1526 2408 contra
1613 2343 2080 2408 auctoritatem
2156 2348 2225 2408 et
2301 2344 2697 2428 dignitatem
2774 2346 2984 2430 ipsius

880 2447 1166 2514 ecclesiae
1227 2445 1398 2509 nihil
1459 2466 1754 2531 unquam
1813 2443 2031 2510 facere
2078 2443 2571 2530 quomodolibet
2616 2448 2985 2526 attentetis,

880 2556 1000 2615 aut
1064 2554 1295 2614 contra
1355 2548 1569 2633 ipsam
1613 2547 1841 2611 venire
1906 2568 2074 2612 ausu
2134 2547 2483 2612 temerario
2552 2551 2983 2632 praesumatis.

882 2653 1074 2733 Quod
1119 2651 1178 2715 si
1239 2649 1528 2715 feceritis
1591 2669 1793 2734 grave
1859 2648 2051 2712 nobis
2120 2649 2415 2728 exsistet,
2460 2669 2675 2734 neque
2736 2651 2983 2737 poteri-

879 2781 1028 2826 mus
1073 2758 1144 2822 id
1188 2777 1377 2842 aequo
1421 2755 1643 2820 animo
1686 2753 1986 2819 tolerare.

1707 3155 2149 3224 DCXLVIII.

919 3314 1212 3378 THoMAs
1256 3311 1824 3378 CANTUARIENSIS
1870 3324 2185 3373 cummis
2230 3323 2573 3372 EPIsooms
2618 3308 2932 3376 ANGLIAE.

1111 3466 1208 3530 (A.
1232 3468 1366 3526 2623
1404 3464 1466 3515 Ο.
1500 3461 1552 3513 ii.
1576 3466 1673 3513 252
1696 3482 1710 3521 ς
1746 3462 1801 3511 Ζ.
1826 3459 1894 3509 iv.
1921 3464 1979 3511 51
2006 3478 2020 3519 ς
2054 3458 2184 3522 Lup.
2208 3456 2276 3507 iv.
2301 3460 2399 3518 443
2435 3458 2616 3507 Thom.
2643 3458 2754 3519 76.)

961 3597 1246 3661 Thomas
1290 3594 1420 3670 Dei
1479 3592 1696 3679 gratia
1761 3588 2259 3657 cantuariensis
2327 3587 2851 3673 archiepiscopus
2912 3591 2983 3651 et

871 3700 1046 3765 sedis
1076 3697 1451 3785 apostolicae
1479 3695 1754 3781 legatus,
1785 3690 2275 3757 venerabilibus
2304 3690 2620 3753 fratribus
2652 3694 2721 3754 et
2750 3689 2979 3754 amicis

872 3804 945 3867 in
993 3800 1260 3867 Christo
1327 3796 1677 3865 carissimis
1748 3794 2055 3860 omnibus
2124 3790 2445 3878 episcopis
2506 3813 2623 3877 per
2666 3790 2978 3877 Angliam

871 3910 942 3971 et
1005 3902 1313 3971 Gualiam
1377 3896 1774 3971 constitutis,
1838 3897 2137 3971 salutem,
2182 3900 2251 3959 et
2319 3894 2393 3957 in
2460 3892 2566 3957 his
2631 3914 2781 3977 quae
2848 3893 2978 3958 Dei

871 4013 1033 4073 sunt
1074 4006 1254 4072 felici
1299 4022 1716 4089 perseverare
1760 3998 2113 4085 proposito

958 4110 1068 4174 Ad
1133 4128 1254 4172 nos
1297 4105 1539 4169 iterato
1557 4100 1584 4141 ³
1627 4101 1956 4187 perlatum
2022 4102 2126 4162 est
2168 4098 2447 4161 verbum
2512 4097 2975 4162 absconditum

868 4217 938 4277 et
959 4212 986 4251 ⁴·
1029 4209 1285 4276 saeculis
1329 4204 1636 4271 omnibus
1679 4199 2231 4277 abscondendum,
2260 4198 2512 4263 scilicet
2556 4197 2731 4283 quod
2778 4219 2929 4262 cum
2948 4196 2975 4236 ⁶

866 4315 1209 4382 nobiscum
1256 4310 1338 4375 de
1382 4328 1542 4397 pace
1588 4326 1738 4371 cum
1785 4302 2053 4368 domino
2111 4305 2340 4367 nostro
2398 4322 2551 4387 rege
2606 4298 2980 4377 tractatur?

937 4542 953 4574 ¹
993 4541 1064 4592 So
1104 4538 1184 4598 03
1225 4535 1444 4586 omnibu
1481 4531 1725 4597 episcopis
1763 4530 1876 4579 An·
2032 4526 2054 4559 ⁴
2087 4534 2138 4576 et
2174 4562 2186 4576 .
2226 4562 2239 4575 .
2274 4561 2288 4575 .
2323 4524 2744 4585 abncondendum,
2791 4524 2864 4585 A,
2910 4522 2976 4584 Ο,

867 4621 1000 4687 ylice,
1022 4619 1102 4669 for
1125 4619 1261 4668 miv.
1298 4652 1312 4666 .
1347 4651 1360 4665 .
1400 4650 1411 4661 .
1449 4610 1756 4670 constitutis,
1778 4610 1841 4659 L.
1964 4608 2048 4666 Ζς
2086 4619 2187 4656 om.
2213 4606 2275 4653 L.

934 4698 957 4732 ²
988 4704 1038 4748 et
1060 4696 1346 4762 diffinitatis,
1369 4695 1434 4753 Ο,
1457 4694 1498 4743 Ζ
1521 4713 1535 4753 3
1571 4705 1672 4741 om.
1697 4690 1760 4739 L.
2030 4683 2053 4715 ⁸
2086 4698 2212 4743 cum,
2232 4696 2334 4731 om.
2360 4678 2429 4730 L.

933 4778 956 4812 ³
991 4777 1084 4836 bis,
1107 4776 1162 4826 V
2032 4762 2055 4794 ⁶
2088 4766 2358 4822 tractetur,
2383 4758 2450 4808 L.
