3634 5800
506 1774 733 1837 Bayeux,

504 1840 643 1905 Aug.
666 1840 748 1888 31.

503 2390 685 2449 Butes,

504 2456 647 2520 Sept.
674 2460 716 2505 1.

822 852 907 920 72
1148 829 1155 837 ³
1684 871 2048 921 Ems‘roLAE.
2535 854 2688 941 [AD.
2727 857 2853 921 116
2873 857 2932 919 9.

824 1060 999 1123 diem
1096 1060 1443 1124 convocati
1534 1058 1825 1145 episcopi
1913 1067 2243 1125 venerunt
2341 1058 2944 1147 Rothomagensisfl·

830 1159 1353 1245 BurdogalensiS,
1412 1182 1572 1227 casu
1616 1161 2198 1240 Cenomannensis,
2245 1168 2313 1227 et
2357 1182 2583 1229 omnes
2645 1162 2936 1249 episcopi

832 1260 915 1327 de
962 1260 1389 1326 Normannia.
1482 1260 1936 1347 wigornensis
1997 1262 2105 1327 die
2149 1282 2284 1349 qua
2343 1264 2486 1330 haec
2549 1265 2935 1351 agebantur,

834 1368 905 1427 et
950 1382 1101 1447 quae
1168 1362 1448 1427 dicenda
1512 1369 1688 1439 sunt,
1752 1384 1890 1428 non
1953 1368 2245 1440 venerat,
2291 1366 2405 1429 sed
2473 1366 2762 1431 crastina
2829 1365 2936 1429 die

835 1469 1159 1529 venturus
1222 1465 1657 1549 sperabatur‚'
1678 1470 1749 1529 ct
1796 1467 2000 1530 venit.
2094 1464 2503 1532 Pictavensis
2565 1464 2940 1551 synodum,²¹²

834 1588 1035 1651 quam
1107 1566 1396 1643 tenebat,
1444 1568 1847 1633 occasionem
1913 1569 2368 1653 praetendebat
2429 1589 2566 1635 non
2609 1568 2940 1643 veniendi,

836 1672 951 1735 sed
1020 1676 1169 1756 post
1236 1672 1565 1755 synodum
1632 1694 1701 1735 se
1764 1672 2082 1737 continuo
2151 1677 2505 1738 venturum
2574 1672 2938 1739 mandavit.

840 1773 1062 1837 Pridie
1106 1773 1431 1837 kalendas
1476 1772 1889 1858 Septembris
1949 1773 2221 1859 Bajoci³
2263 1775 2654 1841 obtulerunt
2713 1776 2938 1840 nuntii

838 1877 1107 1941 domino
1152 1875 1291 1962 tegi
1335 1875 1592 1940 litteras
1636 1875 1892 1939 domini
1937 1896 2126 1962 papae
2181 1878 2579 1963 precatorias
2623 1876 2706 1942 de
2751 1878 2940 1943 resti-

838 1980 1097 2043 tutione
1142 1982 1383 2055 vestra,
1428 1982 1497 2042 et
1542 1977 1623 2042 de
1669 1998 1844 2062 pace.
1937 1977 2262 2043 Dominus
2323 1998 2480 2044 vero
2525 2000 2657 2057 rsit,
2705 2000 2940 2065 propo-

836 2083 969 2146 sita
1013 2080 1390 2147 narratione
1437 2079 1731 2145 omnium
1778 2100 1994 2144 rerum
2041 2100 2208 2166 quas
2249 2082 2565 2147 adversus
2611 2102 2731 2147 vos
2774 2082 2942 2147 solet
2999 2112 3007 2129 ‚

840 2200 1216 2269 proponere,
1265 2181 1457 2260 dixit,
1506 2180 1639 2247 “Si
1684 2182 1847 2267 quid
1909 2184 1992 2248 de
2039 2180 2306 2249 homine
2351 2185 2480 2250 isto
2543 2186 2752 2251 fecero
2821 2206 2940 2271 pro

840 2292 874 2319 “
922 2284 1223 2371 precibus
1286 2282 1538 2348 domini
1602 2304 1810 2369 papae,
1877 2284 2122 2351 multas
2191 2286 2358 2350 mihi
2433 2288 2633 2353 debet
2699 2286 2939 2352 habere

842 2394 875 2421 “
920 2386 1195 2473 grates.”
1286 2384 1595 2451 Crastina
1640 2386 1747 2450 die
1790 2406 1942 2451 oum
1985 2386 2242 2453 nuntiis
2303 2394 2759 2455 convenerunt
2802 2410 2940 2454 om·

841 2512 957 2555 nes
982 2489 1291 2575 episcopi
1334 2489 1423 2553 ad
1468 2488 1685 2555 locum
1752 2491 2122 2575 quemdam,
2167 2492 2283 2576 qui
2331 2498 2608 2556 vocatur
2652 2492 2713 2555 le
2761 2490 2944 2557 But-‚⁴

842 2590 933 2656 Et
974 2592 1203 2657 statim
1250 2612 1335 2655 ex
1400 2610 1531 2676 quo
1600 2598 1931 2656 venerunt
1996 2590 2238 2669 nuntii,
2285 2592 2570 2657 intravit
2633 2591 2942 2658 dominus

842 2716 957 2761 nex
1002 2714 1289 2781 parcum,
1336 2699 1406 2759 et
1448 2714 1677 2759 omnes
1720 2694 2009 2781 episcopi
2055 2712 2202 2760 cum
2249 2714 2346 2773 eo,
2389 2702 2462 2760 et
2505 2696 2604 2759 illi
2647 2701 2941 2761 tantum-

510 2804 815 2857 Absolution
840 2797 1035 2862 modo
1094 2796 1213 2882 qui
1280 2798 1499 2863 vocati
1576 2802 1770 2861 erant
1841 2818 1924 2861 ex
1993 2799 2274 2862 nomine.
2387 2798 2476 2861 Et
2541 2798 2772 2863 statim
2826 2796 2941 2863 ha-

509 2872 565 2922 of
584 2887 792 2922 excom·

506 2939 787 2989 municates

505 3005 719 3056 desired.

839 2901 989 2966 buit
1037 2901 1341 2966 dominus
1386 2921 1506 2965 rex
1564 2898 1915 2966 consilium
1959 2921 2110 2966 cum
2171 2898 2432 2968 nuntiis
2491 2901 2664 2979 soliS,
2712 2907 2944 2987 petens

839 3004 926 3070 ab
970 3003 1065 3068 eis
1110 3003 1289 3088 quod
1341 3002 1607 3068 clericos
1650 3024 1806 3068 suos
1867 3003 2287 3069 absolverent
2349 3003 2491 3069 sine
2545 3004 2943 3090 juramenta

842 3106 1036 3186 Quod
1079 3125 1229 3168 cum
1275 3105 1502 3169 nuntii
1548 3127 1617 3169 se
1662 3104 1950 3170 facturos
1997 3106 2325 3171 instanter
2369 3112 2705 3193 negarent,
2735 3107 2945 3172 domi-

838 3231 965 3272 nus
1008 3229 1127 3274 rex
1172 3207 1258 3272 ad
1302 3228 1549 3292 equum
1606 3228 1802 3272 suum
1849 3209 2158 3285 cucurrit,
2201 3215 2272 3274 et
2313 3209 2631 3286 ascendit,
2677 3215 2764 3288 et,
2825 3229 2945 3274 au-

842 3311 1182 3376 dientibus
1226 3309 1583 3384 omnibus‚⁵
1618 3309 1885 3392 juravit
1915 3311 2096 3394 quod
2143 3329 2485 3396 nunquam
2533 3312 2604 3376 in
2649 3310 2796 3377 vita
2821 3331 2945 3377 sua

842 3414 1103 3478 audiret
1146 3433 1361 3498 neque
1408 3412 1747 3477 dominum
1796 3431 2054 3498 papam,
2101 3429 2314 3498 neque
2357 3413 2566 3478 alium
2585 3411 2614 3452 ⁰
2657 3413 2740 3478 de
2787 3433 2945 3500 pace

844 3521 914 3581 et
988 3516 1410 3582 restitutione
1484 3519 1719 3579 vestra.
1814 3514 1961 3594 Quo
2033 3515 2269 3580 audito
2345 3516 2813 3602 archiepiscopi
2875 3523 2948 3582 et

846 3618 1151 3704 episcopi,
1192 3621 1525 3703 ‘quotquot
1568 3621 1777 3692 erant,
1821 3615 1908 3680 ad
1953 3618 2225 3682 nuntios
2285 3624 2628 3697 venerunt,
2675 3623 2747 3684 et
2789 3637 2948 3704 sup-

845 3721 1263 3807 plicaverunt
1336 3719 1431 3784 eis
1498 3719 1677 3804 quod
1743 3739 1866 3804 pro
1939 3739 2161 3786 amore
2237 3720 2367 3786 Dei
2441 3721 2566 3786 hoc
2639 3722 2945 3788 facerent.

848 3823 985 3909 Ipsi
1032 3845 1190 3888 vero
1258 3843 1407 3888 cum
1452 3842 1714 3885 summa
1776 3821 2167 3888 difficultate
2227 3829 2703 3890 concesserunt.
2799 3825 2946 3904 Quo

846 3927 1020 3992 facto
1064 3925 1406 3990 descendit
1451 3924 1757 3989 dominus
1803 3945 1939 4000 reX,
1971 3930 2039 3990 et
2086 3925 2328 3990 iterum
2375 3947 2524 3992 cum
2571 3929 2664 3992 eis
2711 3926 2947 3992 habuit

846 4027 1207 4093 consilium.
1302 4027 1391 4091 Et
1432 4026 1567 4092 cito
1614 4031 1779 4112 post,
1835 4026 2209 4092 convocatis
2255 4029 2558 4092 omnibus
2623 4035 2950 4116 quotquot

847 4131 916 4194 in
963 4149 1157 4216 parco
1176 4127 1201 4170 ⁷
1246 4135 1453 4205 erant,
1486 4129 1736 4214 incepit
1767 4128 2073 4193 dominus
2105 4149 2218 4194 rex
2252 4131 2698 4196 narrationem
2741 4151 2948 4211 suam,

848 4239 917 4298 et
964 4233 1141 4298 dixit
1185 4231 1364 4317 quod
1410 4227 1679 4297 volebat
1722 4251 1834 4296 eos
1894 4230 2058 4297 scire
2105 4232 2280 4317 quod
2325 4251 2452 4322 vos·
2505 4253 2624 4320 per
2670 4255 2818 4300 eum
2865 4235 2948 4300 de

512 4347 621 4396 The
639 4345 809 4412 king’s
848 4335 1093 4422 Anglia
1136 4351 1271 4400 non
1316 4333 1565 4412 existis,
1594 4339 1667 4398 et
1711 4334 1888 4420 quod
1930 4355 2048 4399 vos
2093 4334 2478 4400 multotiens
2509 4341 2948 4414 revocaverat,

512 4413 682 4465 offers.

1481 4479 1490 4482 -
1509 4475 1622 4483 -——-
1651 4477 1786 4484 --.-.-—
1822 4477 1837 4483 -
1918 4477 2047 4484 -—÷·—
2062 4477 2071 4482 -
2144 4477 2186 4484 -0-
2202 4479 2243 4484 --
2410 4479 2421 4484 -
2434 4479 2497 4485 --
2556 4481 2573 4485 -
2614 4478 2632 4486 -ι
2678 4478 2948 4488 *μή

922 4539 935 4572 ¹
970 4548 1035 4600 et,
1057 4539 1154 4590 ins.
1186 4541 1245 4589 L.
2004 4539 2024 4568 ⁵
2061 4537 2306 4596 omnibm,
2331 4556 2431 4589 om.
2455 4541 2515 4590 L.

916 4622 937 4654 ²
972 4619 1176 4684 synodo,
1204 4621 1261 4678 Z,
1288 4622 1349 4668 L.
2013 4618 2032 4650 ⁵
2066 4635 2231 4680 (trium,
2253 4619 2321 4668 V.

917 4703 939 4734 3
976 4699 1225 4760 Baiocas,
1253 4697 1309 4749 Z.
2012 4699 2032 4736 7
2059 4717 2206 4764 pace,
2230 4700 2298 4750 V.

919 4781 939 4814 ⁴
975 4779 1169 4839 Lebur,
1196 4781 1254 4839 Z,
1278 4781 1337 4829 L.
