3634 5800
526 3470 635 3521 'I'he
657 3469 773 3520 wri-

528 3543 605 3586 ter
626 3537 669 3586 is
693 3546 785 3590 not

524 3603 630 3655 free
650 3611 706 3652 to

527 3677 701 3720 return
722 3679 778 3720 to

528 3737 780 3802 England.

856 810 989 873 512
1738 824 2096 876 ansrom.
2577 811 2737 897 [an.
2773 810 2968 879 1172.

850 1031 1054 1096 supra
1128 1033 1327 1096 quam
1420 1012 1597 1077 credi
1674 1013 1902 1098 possit,
1962 1014 2301 1100 propitiOS,
2364 1014 2685 1100 adjiciens
2760 1014 2966 1078 inter-

850 1112 1115 1199 signum
1192 1113 1367 1199 quod
1441 1113 1515 1177 in
1588 1114 1834 1199 oppido
1911 1116 2197 1201 quodam
2275 1116 2710 1181 Normanniae
2786 1114 2966 1201 quod

849 1213 1247 1301 Argentium
1294 1215 1560 1292 dicitur,
1606 1218 1681 1281 in
1728 1218 1922 1284 domo
1968 1220 2172 1305 regia,
2218 1218 2488 1304 pileum‘
2514 1240 2714 1305 super
2759 1221 2969 1304 caput

851 1337 1044 1381 suum
1106 1338 1225 1382 rex
1288 1319 1596 1403 posuerit.
1720 1318 2032 1407 Subjccit
2108 1320 2313 1385 etiam
2391 1321 2450 1385 is
2525 1320 2644 1405 qui
2707 1340 2967 1385 mecum

848 1418 1264 1504 loquebatur,
1310 1420 1703 1486 mandatum
1750 1422 1877 1487 hoc
1921 1423 2003 1488 de
2049 1422 2386 1508 aliquibus
2409 1420 2434 1459 ¹
2483 1420 2770 1488 fratrum
2813 1442 2966 1486 nos·

851 1526 1105 1587 trorum
1180 1523 1585 1609 processisse,
1655 1524 1792 1609 qui,
1869 1526 2044 1591 sicut
2100 1525 2244 1611 jam
2320 1524 2519 1590 multi
2584 1524 2966 1602 buccinant,

852 1622 1138 1689 ecclesiae
1205 1626 1548 1709 negotium
1626 1626 1738 1710 (ut
1811 1647 2012 1713 supra
2091 1626 2470 1714 tetigimus)
2543 1626 2800 1693 nollent
2893 1626 2968 1690 in

851 1724 1157 1789 manibus
1220 1725 1461 1789 vestris
1528 1728 1912 1812 prosperari.
2003 1726 2244 1793 Adhuc
2306 1726 2662 1814 sacrilegus
2707 1726 2819 1791 ille
2863 1726 2970 1791 in-

853 1826 1059 1913 signis
1134 1848 1330 1912 super
1404 1827 1720 1893 mandato
1792 1828 1924 1893 illo
2011 1828 2268 1915 flagitio
2343 1850 2564 1915 regem
2639 1833 2966 1914 quantum

853 1932 1116 2014 poterat
1146 1949 1458 1993 excusare
1494 1928 1879 2009 nitebatur3
1935 1930 2111 1995 unde
2157 1951 2199 1995 a
2243 1929 2490 2008 multia,
2523 1930 2604 1995 de
2635 1929 2968 1995 industria

855 2030 1093 2095 missus
1168 2035 1237 2095 et
1299 2031 1720 2110 subornatuS,
1784 2031 1874 2098 ad
1949 2033 2202 2098 curiam
2265 2032 2526 2098 venisse
2573 2033 2967 2098 aestimatur.

857 2130 1097 2197 Videte
1143 2132 1370 2218 igitur,
1418 2137 1641 2219 patres
1686 2133 1902 2199 sancti
1949 2140 2018 2199 et
2048 2134 2334 2212 discreti,
2366 2134 2592 2199 videte
2637 2133 2968 2219 quomodo

858 2238 1049 2300 caute
1092 2234 1464 2312 ambuletiS,
1531 2235 1984 2322 intelligentes
2052 2242 2316 2321 tempus
2379 2236 2739 2322 pessimum
2805 2257 2966 2312 esse,

859 2335 1019 2421 quia
1062 2335 1276 2401 omnis
1322 2335 1529 2402 frater
1587 2337 1862 2403 fratrem
1907 2338 2350 2423 supplantans
2397 2337 2966 2425 supplantabitur,

858 2443 928 2502 et
958 2438 1171 2503 omnis
1213 2439 1466 2505 amicus
1512 2438 1968 2505 fraudulenter
2012 2441 2290 2506 incedet.
2382 2436 2753 2505 A⁴minimo
2785 2438 2968 2503 enim

856 2562 1065 2627 usque
1110 2539 1195 2605 ad
1241 2540 1609 2605 maximum
1655 2562 1880 2607 omnes
1925 2542 2230 2607 avaritiae
2277 2541 2567 2619 student,
2619 2546 2690 2606 et
2735 2562 2777 2607 a
2821 2562 2970 2627 pro-

858 2642 1062 2728 pheta
1105 2664 1313 2728 usque
1359 2642 1444 2708 ad
1490 2643 1891 2709 sacerdotem
1923 2644 2146 2710 cuncti
2176 2644 2429 2709 faciunt
2459 2642 2704 2708 dolum.
2769 2643 2969 2709 Unde

861 2752 930 2810 et
974 2751 1217 2810 sanant
1262 2746 1728 2811 contritionem
1775 2746 2087 2823 ecclesiae,
2131 2746 2218 2812 ad
2265 2746 2700 2833 ignominiam
2746 2744 2972 2809 vivifi-

862 2853 1085 2915 cantes
1132 2849 1389 2915 animas
1452 2871 1601 2934 quae
1666 2870 1801 2916 non
1866 2849 2112 2913 vivunt
2177 2853 2246 2914 et
2293 2849 2768 2915 mortificantes
2814 2869 2968 2934 quae

860 2973 993 3017 non
1040 2952 1432 3017 moriuntur.
1524 2953 1665 3038 Ego
1734 2974 1890 3018 vero
1959 2951 2031 3017 in
2077 2952 2370 3018 obscuris
2431 2952 2607 3018 sicut
2667 2955 2973 3016 mortuus

862 3055 1086 3120 saeculi
1131 3049 1506 3132 collocatus.‚
1554 3061 1624 3120 et
1669 3077 1743 3120 ea
1808 3077 1960 3141 quae
2007 3054 2248 3120 desunt
2294 3055 2672 3140 passionum
2717 3054 2972 3119 domini

864 3159 993 3223 mei
1062 3157 1295 3223 christi
1341 3157 1651 3243 martyris
1717 3158 1789 3222 in
1855 3179 1960 3222 me
2026 3157 2172 3243 ipso
2241 3157 2630 3243 adimplens,
2677 3156 2752 3220 in
2794 3155 2972 3222 calce

866 3261 1182 3326 sermonis
1229 3281 1341 3326 oro
1411 3266 1481 3325 et
1542 3265 1699 3345 opto
1767 3280 1887 3325 vos
1955 3259 2197 3345 spiritu
2258 3259 2517 3324 consilii
2565 3264 2633 3323 et
2679 3257 2972 3324 scientiae

864 3363 1204 3428 abundare
1250 3363 1323 3427 in
1370 3361 1693 3442 omnibus,
1726 3368 1809 3440 et,
1859 3383 2007 3427 cum
2053 3361 2435 3446 acceperitis
2480 3365 2760 3446 tempuS,
2791 3381 2971 3446 pres-

866 3486 1033 3530 surae
1110 3485 1272 3530 meae
1342 3484 1658 3529 memores
1732 3463 1886 3528 fore.
2005 3463 2172 3528 Volo
2247 3467 2469 3527 autem
2546 3455 2972 3547 prudentiam

869 3571 1157 3630 vestram
1204 3564 1367 3630 scire
1414 3565 1589 3650 quod
1640 3565 1936 3650 proxime
1982 3564 2214 3630 audivi
2267 3565 2574 3629 auditum
2618 3584 2660 3629 a
2704 3563 2973 3628 domino

866 3667 1054 3753 cujus
1098 3666 1413 3732 mandato
1482 3671 1777 3731 arctatus
1842 3687 2009 3742 sum,
2073 3686 2158 3730 ne
2226 3665 2484 3751 regredi
2543 3665 2799 3729 valeam
2845 3664 2972 3728 etsi

866 3768 1085 3846 velim,
1163 3768 1340 3855 quod
1417 3773 1485 3833 et
1556 3767 1797 3834 dilecto
1867 3767 2041 3833 socio
2109 3787 2254 3832 meo
2321 3765 2694 3831 Gunthario
2761 3786 2976 3852 nuper

864 3892 1143 3949 reversO,
1192 3877 1266 3935 ut
1312 3876 1551 3937 vestrae
1597 3870 1666 3935 id
1711 3869 1962 3936 indicet
2005 3869 2366 3947 sanctitati,
2413 3869 2786 3954 injunctum
2836 3873 2952 3932 est.

1702 4121 1717 4154 ¹
1754 4119 2048 4186 aliquorum,
2071 4122 2130 4171 1³.
