3634 5800
565 3465 823 3517 111001ιεὶ5-

570 3537 721 3598 tsncy
744 3531 805 3582 of

570 3598 657 3648 tho
678 3599 845 3664 king’s

569 3665 768 3729 alleged

570 3733 806 3782 conduct.

916 901 1048 963 454
1794 909 2152 961 mus-roms.
2643 898 2802 982 [1]).
2837 893 3026 964 1171.

918 1106 1243 1191 quitatem
1272 1100 1533 1168 refimdi
1564 1102 1640 1167 in
1668 1105 1871 1188 caput
1899 1100 2089 1187 regis,
2133 1106 2204 1167 et
2248 1102 2421 1189 regis
2451 1101 2812 1169 catholici?
2901 1100 3024 1166 Ille

917 1210 1033 1296 qui
1059 1209 1130 1272 in
1150 1207 1383 1273 diebus
1406 1205 1566 1272 Saul
1584 1204 1952 1271 abstulerat
1975 1204 2398 1291 opprobrium
2429 1227 2512 1271 ex
2532 1205 2740 1271 Israel
2758 1204 3025 1272 vocavit

918 1332 1101 1396 reges
1149 1309 1471 1393 clypeum,
1518 1307 1636 1373 illa
1696 1308 1771 1371 in
1814 1306 2110 1372 oratione
2171 1305 2436 1372 funebri
2494 1307 2799 1393 praedicti
2851 1306 3022 1393 regis

923 1412 1083 1478 Saul
1147 1415 1216 1476 et
1282 1408 1329 1474 J
1330 1409 1612 1487 onathae,
1688 1408 2076 1475 amabilium
2152 1409 2570 1496 principum:
2649 1418 2682 1444 “
2701 1410 3020 1495 Abjectus

920 1520 957 1551 “
1001 1518 1103 1579 est
1146 1512 1220 1577 in
1266 1516 1335 1577 te
1380 1511 1651 1599 clypeus
1681 1509 2014 1576 fortium.”
2105 1511 2385 1576 Versum
2415 1511 2744 1576 decimum
2775 1509 3020 1575 Psalmi

920 1616 1100 1691 xlvi„
1164 1615 1237 1678 in
1297 1635 1427 1698 quo
1496 1612 1819 1699 gloriatur
1882 1612 2123 1689 David,
2194 1620 2229 1645 “
2256 1610 2588 1692 Quoniam
2655 1612 2754 1676 dii
2817 1611 3020 1677 fortes

922 1726 961 1755 “
1004 1722 1199 1783 terrae
1243 1715 1672 1781 vehementer
1714 1714 1958 1779 elevati
2003 1713 2214 1792 sunt‚’'
2261 1714 2427 1799 legit
2455 1718 2704 1780 sanctae
2733 1712 3020 1780 ecclesiae

921 1820 1148 1886 doctor
1222 1816 1690 1901 Hieronymus,
1752 1824 1789 1849 “
1808 1816 2021 1903 Reges
2097 1821 2287 1883 scuta
2360 1816 2608 1881 terrae.”
2701 1815 2879 1882 Dato
2947 1820 3018 1882 et

919 1940 1238 1997 concesse,
1304 1940 1467 2004 quos
1540 1919 1718 1983 inter
1784 1940 1970 2005 reges
2039 1922 2108 1983 te
2169 1920 2520 1984 inventum
2584 1939 2722 1984 non
2787 1916 3016 1983 habeo,

919 2024 967 2088 J
967 2024 1102 2087 usti
1132 2028 1202 2087 te
1245 2041 1381 2086 non
1426 2020 1727 2085 sentiunt
1770 2020 1844 2084 in
1887 2041 2124 2106 genere
2170 2042 2305 2086 suo.
2397 2020 2610 2107 Reges
2641 2019 2746 2084 illi
2789 2020 3021 2086 obum-

918 2128 1121 2193 brant
1180 2144 1379 2210 super
1452 2127 1652 2210 caput
1724 2122 1953 2209 populi
2020 2123 2093 2187 in
2154 2123 2262 2189 die
2341 2122 2537 2199 belli3
2615 2128 2694 2188 tu
2778 2128 3020 2199 autem,

916 2227 1179 2292 domine
1224 2224 1319 2288 mi
1381 2246 1518 2301 rex,
1578 2245 1711 2289 non
1772 2228 2040 2289 tantum
2107 2224 2358 2289 avertis
2417 2222 2656 2290 faciem
2732 2230 2918 2290 tuam
2975 2246 3020 2291 a

912 2328 1091 2408 tuis;
1136 2320 1341 2413 ‘ipsos
1409 2327 1612 2391 etiam
1675 2325 2055 2392 interfectos
2129 2325 2496 2413 insepultos
2559 2326 2878 2412 relinquis
2942 2326 3017 2391 in

913 2429 1119 2497 oculis
1192 2428 1363 2506 solis,
1440 2432 1520 2493 ut
1596 2448 1759 2514 quos
1836 2428 2154 2514 opprimis
2215 2428 2666 2494 indesinenter
2726 2434 3015 2496 contem-

911 2533 1149 2619 pletur.
1241 2529 1483 2596 Fateor
1527 2536 1597 2595 et
1654 2530 1941 2615 ingenue
1987 2550 2122 2595 non
2182 2534 2404 2616 potest
2447 2529 2573 2596 hoc
2617 2531 2699 2596 de
2745 2534 2814 2596 te
2887 2530 3016 2595 sibi

910 2634 1299 2723 persuadere
1344 2634 1568 2699 anima
1609 2654 1774 2709 mea,
1837 2632 1968 2697 nisi
2031 2654 2117 2698 ex
2162 2633 2441 2699 istorum
2485 2637 2754 2719 patrum
2815 2634 3018 2720 scrip-

910 2740 999 2803 tis
1044 2737 1513 2824 exprobratum
1544 2735 1798 2803 fuisset.
1877 2735 2196 2823 Suscepta
2240 2758 2388 2802 mea
2417 2737 2764 2823 legatione,
2795 2738 2900 2804 cui
2943 2742 3014 2803 te

908 2840 1237 2907 facturum
1292 2839 1455 2905 satis
1508 2837 1680 2925 regis
1727 2838 2119 2924 promiseras
2169 2842 2596 2916 sacramentO,
2643 2843 2748 2905 tot
2789 2843 3011 2906 tanta-

910 2963 1037 3030 que
1105 2941 1297 3007 nobis
1358 2940 1703 3007 contulisti
1761 2939 2118 3017 beneficia3
2181 2945 2262 3006 ut
2338 2941 2504 3026 quid
2569 2940 2697 3006 erit
2763 2942 3014 3028 pretii?

908 3045 1073 3110 Ecce
1118 3043 1299 3109 enim
1345 3043 1550 3107 durus
1603 3063 1645 3108 a
1689 3041 1833 3107 Deo
1879 3042 2156 3108 emissus
2187 3046 2290 3108 est
2333 3042 2670 3129 propheta,
2715 3045 3012 3108 omnium

897 3146 1317 3233 justitiarum
1408 3148 1679 3209 tuarum
1769 3165 1936 3228 quas
2026 3144 2247 3210 fecisti
2337 3165 2474 3209 non
2560 3145 3012 3212 recordabitur

904 3250 1105 3315 Deus.
1197 3248 1280 3313 In
1356 3268 1607 3312 vanum
1692 3247 2007 3312 laborasti
2083 3246 2472 3313 aedificando
2563 3248 2868 3314 civitates
2941 3255 3011 3314 et

906 3352 1101 3419 cellas
1146 3371 1403 3438 parvas,
1450 3351 1524 3414 in
1569 3349 1810 3435 quibus
1855 3349 2049 3436 pauci
2108 3349 2402 3414 resident
2453 3350 2584 3414 viri
2645 3372 2842 3437 super
2885 3351 3008 3417 flu-

906 3455 1089 3519 mina
1132 3452 1472 3540 sanguinis
1548 3451 1755 3528 effusi,
1823 3452 2058 3516 fientes
2117 3451 2277 3516 dum
2350 3453 2848 3519 recordarentur
2905 3454 3009 3518 tui

903 3556 1207 3622 zelatoris
1260 3558 1505 3620 nostrae
1567 3553 1748 3620 Sion.
1844 3553 2066 3619 Hodie
2141 3553 2468 3620 aedificare
2531 3560 2600 3621 et
2659 3577 2800 3622 cras
2864 3556 3006 3621 des-

904 3665 1143 3737 truere,
1204 3657 1369 3744 quid
1414 3662 1518 3722 est
1576 3655 1761 3721 aliud
1807 3677 2009 3742 quam
2055 3656 2348 3721 animam
2393 3679 2579 3723 suam
2641 3658 2716 3723 in
2759 3681 3006 3724 vanum

902 3761 1247 3846 accipere?
1311 3756 1481 3822 Cum
1550 3757 1895 3843 quaesisset
1957 3757 2226 3822 divinus
2270 3764 2472 3837 vates,
2522 3767 2557 3793 ‘¹
2577 3759 2743 3839 Quis
2787 3780 3008 3826 aseen-

905 3871 939 3898 “
985 3863 1100 3927 det
1118 3862 1191 3926 in
1218 3864 1511 3924 montem
1545 3859 1815 3925 Domini
1839 3859 1896 3924 ?'’
1928 3859 2268 3946 respondit
2298 3861 2360 3925 ei
2385 3859 2676 3946 Spiritus
2701 3861 3004 3940 SanctuS,

906 3973 938 4000 “
959 3964 1283 4029 Innocens
1328 3961 1633 4026 manibus
1679 3966 1749 4026 et
1792 3960 2046 4025 mundo
2094 3961 2341 4026 corde.'’
2435 3962 2507 4026 Si
2553 3963 2626 4027 hi
2681 3963 2813 4029 duo
2856 3985 3006 4050 gra·

903 4066 1027 4131 dus
1118 4070 1275 4130 sunt
1364 4063 1713 4129 necessarii
1800 4063 1891 4128 ad
1985 4063 2221 4129 caelum
2308 4065 2842 4151 pertingendum,
2934 4071 3006 4132 et

901 4169 1192 4256 primum
1258 4166 1538 4252 gradum
1600 4186 1735 4230 non
1802 4165 2013 4250 possis
2087 4165 2378 4251 amplius
2472 4167 2796 4245 invenire,
2875 4191 3005 4254 quo

900 4271 1286 4358 pervenies?
1391 4267 1569 4334 Hine
1642 4268 1927 4354 migrare
1995 4289 2334 4336 necessum
2403 4274 2549 4351 est3
2624 4291 2756 4356 quo
2829 4273 3005 4337 ibis?

905 4373 1055 4454 Qua
1120 4373 1227 4436 die
1290 4370 1483 4437 nobis
1557 4369 1790 4434 attulit
1855 4371 2069 4436 vitam
2147 4369 2470 4449 Christus,
2546 4371 2774 4438 christi
2843 4374 3002 4460 Ejus

900 4476 1111 4541 vitam
1142 4472 1626 4559 praecidendam
1657 4471 2151 4558 pronuntiabas.
2230 4472 2628 4539 Incredibile
2671 4474 2797 4542 hoc
2827 4481 3002 4542 retu-

900 4579 1072 4657 lere;
1138 4599 1272 4643 non
1332 4575 1567 4652 cred03
1636 4575 1919 4640 Domine
1989 4575 2187 4653 DeuS,
2238 4577 2384 4661 quis
2448 4578 2670 4644 credet
2743 4581 3006 4645 auditui

899 4684 1143 4745 nostro.
1298 4678 1541 4744 Dicent
1635 4677 1717 4743 de
1810 4683 1880 4743 te
1954 4678 2334 4765 quicunque
2423 4680 2568 4746 haeo
2662 4682 3008 4768 accipient,

901 4789 941 4820 “
965 4780 1146 4862 Quid
1188 4779 1428 4846 acuisti
1472 4779 1775 4865 linguam
1823 4784 2011 4846 tuam
2061 4779 2239 4846 sicut
2285 4782 2610 4869 serpentis
2637 4781 2716 4848 'V'
2763 4783 2838 4848 Si
2884 4783 3008 4854 hoc
