3634 5800
580 1367 638 1414 M
642 1369 778 1414 aster

577 1432 834 1480 Lombard

579 1504 694 1547 sent
715 1498 784 1562 by

575 1565 664 1613 the
688 1565 832 1612 arch-

579 1629 780 1692 bisbop.

915 875 1045 938 238
1791 893 2148 942 EPISTOLAE.
2632 880 2795 964 [Am.
2832 877 3025 948 1170.

913 1079 1157 1146 litteris
1203 1081 1465 1148 fecisset
1511 1084 1836 1150 certioreS.
1952 1083 2255 1148 Misimus
2314 1104 2470 1170 ergo
2518 1081 3023 1150 dilectissimum

912 1181 1128 1246 filium
1175 1185 1520 1263 nostrum,1
1565 1184 2021 1251 fidelissimum
2054 1185 2261 1262 vobiS‚
2292 1191 2362 1250 et
2402 1207 2521 1272 per
2566 1185 2791 1252 omnia
2832 1185 3025 1250 nobis

915 1287 1266 1372 probatum
1329 1289 1721 1376 participem
1785 1289 2239 1355 tribulationis
2302 1294 2565 1365 nostrae,
2628 1289 3023 1373 magistrum

919 1387 1382 1467 Lombardum,
1428 1391 1546 1475 qui
1613 1391 1913 1456 miserias
1980 1396 2243 1457 nostras
2317 1396 2387 1455 et
2447 1390 2659 1476 partis
2726 1391 3023 1456 adversae

917 1489 1242 1556 malitiam
1301 1492 1683 1577 plenissime
1728 1493 1943 1569 novit,
1990 1498 2063 1558 et
2112 1514 2192 1558 ea
2236 1514 2384 1578 quae
2430 1494 2505 1557 in
2550 1492 2823 1559 ecclesia
2867 1492 3023 1558 Gal-

913 1592 1130 1658 licana
1175 1594 1490 1660 dicuntur
1533 1596 1614 1660 de
1661 1594 1765 1660 his
1811 1617 1962 1682 quae
1999 1599 2229 1661 eontra
2273 1617 2395 1662 nos
2424 1595 2600 1660 fiunt
2644 1595 3023 1660 fidelissime

913 1694 1165 1760 referet.
1281 1696 1356 1761 Si
1402 1697 1638 1782 placet,
1684 1699 1905 1784 ipsum
1952 1698 2127 1763 sicut
2170 1720 2292 1764 nos
2340 1698 2519 1784 ipsos
2564 1698 2817 1774 audite,
2866 1698 3023 1784 quia

915 1796 1169 1861 fidelior
1235 1797 1426 1862 vobis
1503 1804 1572 1864 et
1617 1799 1923 1878 ecclesiae,
1991 1800 2317 1886 nobisque
2391 1800 2810 1878 commodior,
2886 1820 3021 1864 non

913 1901 1137 1985 potuit
1179 1902 1484 1966 inveniri.
1575 1902 1827 1969 Audite
1876 1925 2049 1990 ergo,
2090 1904 2147 1968 si
2193 1903 2434 1990 placet,
2465 1903 2645 1968 hunc
2690 1903 3021 1968 conscicn-

913 2003 1029 2068 tiae
1099 2009 1342 2070 nostrae
1403 2010 1659 2084 testem,
1722 2007 2135 2072 miseriarum
2202 2006 2495 2072 ecclesiae
2566 2007 3023 2092 inspectorem,

913 2111 1298 2170 assertorem
1362 2108 1684 2185 veritatis,
1731 2115 2092 2174 amatorem
2148 2108 2456 2194 justitiae,
2504 2113 2576 2172 et
2642 2107 3021 2194 apostolicae

913 2206 1085 2270 sedis
1131 2207 1374 2274 affectu
1419 2213 1488 2274 et
1532 2209 1885 2276 devotione
1929 2209 2149 2274 filium
2212 2209 2775 2296 probatissimum,
2824 2229 3021 2294 quem

913 2310 1243 2374 mittimus
1287 2316 1368 2376 ut
1409 2312 1640 2377 saltem
1689 2334 1804 2398 per
1836 2334 1987 2378 eum
2034 2313 2350 2378 solatium
2397 2311 2773 2379 conferatur
2816 2311 3017 2378 eccle-

913 2411 1030 2476 siae
1075 2412 1482 2499 Anglicanae,
1529 2435 1678 2500 quae
1739 2415 1837 2480 sic
1895 2420 2248 2480 attenuata
2308 2420 2409 2480 est
2474 2419 2543 2478 et
2606 2413 2851 2480 afflicta
2875 2411 2901 2451 ²
2944 2418 3023 2478 ut

915 2512 996 2576 de
1043 2518 1278 2580 caetero
1323 2516 1747 2580 necessitates
1809 2537 1962 2581 suas
2016 2517 2408 2581 nuntiorum
2456 2514 2865 2580 discursibus
2910 2535 3019 2578 ex-

916 2635 1156 2700 ponere
1231 2622 1534 2702 nequeat,
1604 2619 1719 2684 sed
1788 2618 1913 2683 soli
1988 2619 2131 2684 Deo
2200 2623 2477 2704 cogatur
2544 2637 2879 2702 exponere
2955 2620 3023 2681 et

915 2717 1325 2783 committere
1367 2739 1634 2784 causam
1695 2741 1899 2785 suam.
2023 2713 2487 2785 Persecutores
2555 2717 2847 2784 ecclesiae
2910 2739 3023 2782 ex·

916 2824 1221 2905 spectant
1289 2825 1357 2885 et
1433 2821 1815 2886 desiderant
1903 2821 2111 2909 (quod
2179 2821 2274 2886 eis
2352 2821 2605 2886 Divina
2670 2819 3023 2884 subtrahat

917 2923 1256 2988 miseratio
1285 2924 1325 3006 1)
1373 2923 1601 2988 videre
1652 2922 1951 2987 fidelium
1999 2923 2379 3009 lugentium
2425 2924 2499 2988 in
2544 2923 2833 2988 transitu
2879 2943 3024 2986 ves-

917 3028 1022 3088 tro
1069 3010 1376 3101 dolorem,
1425 3031 1503 3088 ut
1546 3030 1700 3111 post
1755 3025 1897 3090 dies
1945 3030 2203 3091 vestros
2264 3024 2602 3091 ecclesiam
2664 3023 3025 3109 subjiciant

918 3126 1252 3203 servituti,
1327 3125 1594 3191 nemine
1668 3126 2183 3192 contradicente.
2306 3126 2404 3190 Eo
2468 3124 2649 3189 enim
2715 3125 3020 3200 tendunt,

917 3249 1084 3312 quas
1127 3232 1356 3293 contra
1400 3226 1618 3293 Deum
1665 3233 1736 3293 et
1783 3228 2125 3314 justitiam
2187 3226 2375 3312 ejus⁸
2421 3226 2796 3313 implorant,
2858 3227 3021 3291 dila-

919 3329 1149 3395 tiones,
1245 3328 1377 3393 Sed
1441 3329 1674 3394 divina
1717 3329 2032 3394 discretio
2077 3334 2319 3406 vestra,
2359 3335 2551 3415 pater
2595 3328 3021 3405 sanctissime,

919 3430 1279 3495 studiosius
1333 3430 1731 3516 providebit,
1779 3436 1859 3495 ut
1905 3436 2065 3495 ante
2114 3430 2373 3496 exitum
2416 3430 2578 3496 vitae
2622 3434 2847 3495 tantas
2900 3452 3021 3517 pu-

919 3532 1064 3598 niat
1125 3532 1568 3609 enormitate8‚
1635 3553 1720 3597 ne
1788 3532 1869 3597 de
1946 3532 2208 3617 injuriae
2283 3531 2408 3598 Dei
2477 3532 3009 3598 dissimulatione

921 3638 1196 3719 cogatur
1238 3633 1312 3697 in
1357 3633 1463 3698 die
1501 3633 1743 3719 judicii
1788 3633 2060 3700 reddere
2106 3634 2444 3699 rationem.

987 3857 1003 3889 ¹
1041 3863 1270 3916 vestrum,
1293 3856 1355 3904 L.
2088 3855 2110 3889 ³
2146 3857 2272 3919 ejus,
2293 3871 2393 3907 om.
2419 3853 2489 3907 L.

989 3936 1011 3970 2
1044 3940 1090 3983 e!
1115 3935 1332 3997 qfflictffi
1355 3949 1454 3985 om.
1478 3934 1540 3984 L.
