3634 5800
596 874 727 924 Aa).
765 859 983 943 1170.]
1460 874 1820 923 amsronAE.
2585 856 2712 917 411

603 1065 987 1151 hujusmodi
1023 1066 1426 1151 juramenta.
1550 1065 1642 1129 Et
1684 1064 1966 1130 fortasse
2009 1062 2334 1127 satellites
2381 1061 2519 1126 vim
2567 1082 2715 1147 par-

603 1172 829 1233 assent
923 1168 1057 1233 nisi
1134 1188 1243 1233 eos
1320 1166 1832 1253 compescuisset
1906 1164 2238 1230 tumultus
2330 1162 2669 1250 popularis
2701 1186 2716 1239 ;

606 1275 911 1335 verentes
975 1269 1191 1356 plebis
1257 1270 1603 1355 impetum,
1650 1290 1801 1353 quae
1863 1266 1958 1333 sic
2005 1267 2086 1332 de
2131 1270 2394 1352 recepto
2457 1269 2719 1351 pastore

604 1372 837 1456 gavisa
880 1370 1025 1436 est¹
1071 1392 1149 1437 ac
1193 1369 1251 1435 si
1300 1371 1381 1436 de
1429 1370 1590 1436 caelo
1638 1369 1822 1435 inter
1863 1367 2166 1433 homines
2213 1366 2522 1432 Christus
2573 1366 2716 1451 ipse

606 1473 1045 1540 descenderet.

698 1575 867 1641 Cum
912 1596 1075 1641 vero
1119 1596 1189 1640 se
1235 1574 1343 1639 die
1392 1573 1699 1660 sequenti
1748 1573 2130 1640 Cantuariae
2177 1568 2572 1659 recepisset?
2603 1592 2715 1637 ve·
2739 1580 2948 1633 Arrival
2972 1590 3024 1632 at

607 1682 853 1743 nerunt
896 1677 983 1743 ad
1028 1698 1181 1743 eum
1206 1673 1232 1715 ³
1274 1676 1549 1741 alterius
1566 1674 1593 1715 ⁴
1634 1673 2106 1761 archiepiscopi
2152 1680 2222 1740 et
2265 1675 2716 1760 episcoporum
2739 1649 2958 1781 fflgffr’

608 1800 1075 1864 suspensorum
1128 1778 1372 1856 nuntii‚
1418 1778 1505 1843 ad
1550 1777 1773 1843 sedem
1819 1776 2228 1863 appellantes
2271 1776 2714 1863 apostolicam,
2742 1784 2865 1834 Dec·
2889 1788 2936 1833 2·

608 1880 767 1945 licet
808 1879 905 1945 eis
949 1879 1414 1945 indubitanter
1458 1884 1791 1945 constaret
1837 1878 2014 1965 quod
2057 1899 2354 1943 summus
2413 1878 2718 1965 pontifex
2741 1872 2957 1951 &⁸⁰⁰⁸-

610 2003 875 2047 omnem
938 1981 1324 2069 appellandi
1387 1982 1798 2068 praecluserit
1861 1980 2265 2047 facultatem.
2375 1980 2719 2045 Venerunt
2741 1946 3034 2057 {3239

606 2104 693 2148 ex
759 2082 893 2148 alio
967 2083 1179 2149 latere
1260 2083 1514 2149 domini
1588 2084 1762 2171 regis
1831 2082 2154 2159 officialeS,
2224 2104 2343 2149 suo
2409 2087 2718 2169 rogantes
2742 2074 2952 2201 ἱξζξξμ

606 2187 897 2262 nomine,
944 2191 1017 2251 et
1070 2186 1339 2272 publica
1392 2186 1867 2252 denuntiantes
1927 2185 2338 2263 auctoritate,
2385 2189 2466 2249 ut
2509 2184 2720 2249 archi-
2799 2178 2816 2187 “’
2955 2175 2966 2187 ’

616 2288 958 2374 episcopus
1036 2286 1241 2353 latam
1313 2288 1390 2351 in
1459 2284 2030 2373 archiepiscopum
2105 2287 2580 2353 Eboracensem
2655 2291 2725 2353 et

614 2388 778 2454 alios
817 2388 1155 2475 episcopos
1200 2389 1599 2455 sententiam
1646 2390 1998 2467 relaxaret,
2028 2387 2161 2453 nisi
2205 2386 2378 2473 regis
2423 2392 2494 2453 et
2538 2388 2724 2475 regni

622 2491 828 2555 vellet
873 2491 1137 2556 decerni
1161 2490 1185 2529 ⁵
1229 2490 1535 2577 publicus
1580 2492 1806 2569 hostis,
1853 2497 1934 2557 ut
1979 2490 2096 2577 qui
2141 2511 2314 2556 novo
2358 2490 2499 2576 regi
2543 2512 2724 2556 coro-

624 2614 778 2659 nam
826 2593 1221 2660 moliebatur
1263 2594 1532 2660 auferre.
1656 2595 1767 2660 Ad
1812 2595 1992 2680 quod
2035 2593 2564 2679 archiepiscopus
2623 2616 2723 2659 re-

617 2695 901 2781 spondit,
948 2717 1017 2761 se
1062 2695 1245 2761 nullo
1306 2697 1501 2761 modo
1564 2696 1954 2783 impugnare
2012 2696 2258 2782 regiam
2307 2695 2722 2781 dignitatem,
2769 2734 2775 2742 -

620 2799 735 2865 sed
779 2798 1001 2885 potius
1041 2800 1238 2878 virsa,
1272 2820 1445 2885 opes,
1478 2804 1547 2865 et
1590 2799 1870 2886 gloriam
1915 2820 2036 2885 pro
2066 2798 2320 2863 viribus
2350 2800 2424 2863 in
2456 2798 2724 2867 Christo

620 2907 1221 2989 augmentaturum,
1298 2902 1423 2968 hoc
1501 2907 1729 2968 tamen
1795 2902 1986 2968 nulla
2048 2902 2304 2968 ratione
2379 2899 2722 2987 impetrari

618 3026 824 3092 posse,
870 3005 1035 3091 quin
1086 3005 1411 3070 adversus
1470 3011 1980 3091 praesumptores
2039 3004 2375 3091 episcopos
2435 3005 2722 3071 ecclesiae

620 3130 757 3173 suae
809 3107 1149 3192 justitiam
1216 3111 1667 3193 prosequatur.
1814 3107 1962 3172 Illis
2021 3113 2245 3174 autem
2316 3107 2722 3172 instantibus

618 3211 850 3287 acriuS,
894 3209 1141 3296 adjecit
1186 3211 1365 3295 quod
1410 3230 1529 3296 pro
1574 3210 1822 3275 honore
1868 3209 2124 3274 domini
2183 3210 2618 3295 regis,--licet
2661 3210 2722 3274 ei

619 3311 1059 3398 periculosum
1125 3316 1297 3376 esset
1357 3317 1427 3376 et
1470 3312 1646 3377 vires
1692 3312 1836 3396 ejus
1896 3311 2255 3388 excederet,
2303 3312 2460 3396 quia
2511 3311 2724 3397 judex

617 3414 888 3480 inferior
948 3413 1303 3501 superioris
1365 3435 1499 3480 non
1567 3418 1789 3501 potest
1855 3414 2152 3480 relaxare
2219 3414 2726 3490 sementim,—

618 3522 894 3603 paratus
938 3521 1084 3582 erat
1114 3517 1281 3582 duos
1326 3516 1663 3603 episcopos
1711 3515 2072 3596 absolvere,
2104 3522 2364 3602 recepto
2409 3517 2594 3603 prius
2639 3518 2725 3582 ab

617 3619 729 3696 eis,
775 3619 1135 3685 secundum
1172 3640 1420 3683 morem
1467 3619 1771 3696 ecclesiae,
1810 3618 2208 3704 jurament0‚
2255 3620 2428 3704 quod
2475 3618 2725 3684 domini

618 3742 827 3806 papae,
859 3720 975 3807 qui
1020 3741 1131 3785 eos
1177 3720 1515 3798 vinxerat,
1562 3719 1900 3785 mandatis
1947 3720 2306 3786 obedirent.
2401 3719 2727 3786 Officialcs

620 3827 847 3886 autem
900 3842 1038 3886 non
1096 3820 1541 3907 permiserunt
1604 3825 1684 3885 ut
1742 3820 1948 3898 fieret,
1997 3821 2290 3888 dicentes
2349 3821 2728 3908 hujusmodi

612 3924 1067 4009 juramentum
1142 3923 1228 3987 ab
1296 3923 1619 4009 episcopis
1688 3943 1821 3988 non
1891 3923 2126 3988 debere
2193 3924 2496 4010 praestari
2571 3923 2728 4010 quia

620 4025 805 4111 regni
850 4024 1361 4091 consuetudines
1421 4023 1877 4111 impugnabat.
1999 4023 2375 4111 Replicavit
2413 4025 2501 4090 ad
2544 4023 2730 4090 haec⁰

618 4127 1149 4212 archiepiscopus
1196 4126 1393 4211 quod,
1441 4147 1592 4194 cum
1641 4126 1988 4190 dominum
2047 4147 2290 4212 papam
2335 4127 2546 4191 modis
2591 4147 2729 4192 om·

620 4229 819 4294 nibus
878 4234 1079 4294 antea
1140 4228 1619 4295 sollicitassent
1676 4233 1759 4292 ut
1809 4249 1920 4293 eos
1965 4227 2340 4294 absolveret
2379 4251 2421 4294 a
2465 4229 2727 4295 vinculo

622 4331 1083 4410 anathematis,
1133 4352 1265 4417 quo
1312 4330 1521 4396 solius
1567 4328 2068 4396 Cantuariensis
2114 4329 2400 4397 ecclesiae
2444 4331 2730 4397 auctori-

734 4638 828 4693 εει,
849 4645 949 4680 om.
974 4629 1039 4680 Ο.
1788 4627 1809 4660 ⁴
1846 4626 2163 4691 alterutrius,
2185 4629 2247 4681 Ο.

678 4710 701 4743 ²
731 4709 1013 4774 reperisset,
1036 4707 1098 4758 L.
1787 4707 1809 4738 ⁵
1844 4723 1966 4768 esse,
1988 4708 2053 4759 Ο.

736 4797 803 4851 ct,
820 4788 919 4838 ins.
944 4789 1007 4839 G.
1792 4783 1815 4818 ⁶
1846 4785 1956 4848 hoc,
1981 4787 2047 4838 G.
