3634 5800
570 1499 805 1549 Celebra-

568 1567 675 1617 tion
698 1567 759 1615 of
772 1566 862 1616 the

568 1632 784 1684 festival.

903 869 1031 930 550
1746 881 2106 930 EPISTOLAE.
2613 866 2776 951 [Am.
2811 863 2978 932 117
2981 866 3036 928 3

903 1071 1113 1138 sancti
1144 1070 1404 1147 vitalis,
1451 1070 1986 1156 presbyterorum
2034 1070 2570 1156 [cardinalium,¹]
2602 1072 2716 1156 qui
2762 1069 3056 1137 exinde

902 1175 1257 1238 veritatem
1324 1172 1581 1258 plenius
1644 1172 2217 1257 investigaverant
2278 1177 2350 1238 et
2417 1173 2566 1238 visu
2631 1178 2700 1238 et
2762 1173 3046 1239 auditu

902 1281 1375 1362 cognoverant,
1414 1275 1659 1360 ipsum
1734 1274 2289 1352 canonizavimUS,
2361 1279 2431 1339 et
2459 1273 2485 1312 ²
2559 1275 2632 1339 in
2704 1275 3048 1360 catalogo

901 1382 1277 1442 sanctorum
1322 1380 1887 1451 connumerantes»,
1931 1375 2105 1440 diem
2151 1376 2475 1461 passionis
2505 1398 2658 1454 suae,
2704 1377 3044 1463 proximo

903 1485 1051 1564 post
1105 1479 1351 1544 festum
1412 1482 1790 1542 sanctorum
1859 1474 2302 1560 Innocentum
2365 1478 2488 1556 die,
2535 1480 2621 1544 ad
2685 1479 3039 1544 honorem

907 1581 1033 1644 Dei
1093 1579 1375 1666 singulis
1438 1580 1631 1644 annis
1706 1579 2088 1644 solemniter
2159 1578 2632 1658 celebrandam,
2696 1587 2763 1646 et
2829 1582 3036 1645 inter

904 1688 1279 1748 sanctorum
1342 1687 1707 1766 martyrum
1757 1681 2156 1745 festivitates
2205 1683 2822 1761 connumerandam,
2867 1704 3030 1748 esse

904 1784 1407 1862 constituimus;
1448 1789 1517 1848 et
1561 1805 1706 1848 eam
1752 1804 1869 1869 per
1909 1783 2258 1869 praedictos
2299 1785 2682 1862 cardinales,
2711 1807 2834 1851 nec
2871 1807 3026 1850 non

908 1890 977 1951 et
1022 1906 1141 1970 per
1170 1884 1687 1970 archiepiscopos
1734 1888 1803 1949 et
1849 1884 2202 1968 episcopos,
2231 1889 2370 1948 tam
2417 1885 2488 1948 in
2518 1885 2762 1973 Anglia
2805 1908 3020 1972 quam

913 1987 987 2050 in
1034 1983 1298 2062 Gallia-‚³
1340 2006 1462 2050 nec
1510 2005 1647 2050 non
1710 1989 1779 2049 et
1841 1985 1914 2048 in
1957 1984 2107 2049 aliis
2175 1985 2554 2070 regionibus
2617 1988 3022 2053 constitutos

912 2087 1355 2174 praecepimus.
1386 2086 1811 2152 devotissime
1856 2086 2184 2152 celebrari.
2279 2086 2454 2166 Quia
2495 2088 2705 2174 igitur
2748 2090 2926 2175 quod
2975 2111 3025 2154 a

908 2193 1321 2256 sacrosancta
1365 2188 1665 2254 Romana
1694 2187 1984 2267 ecclesia,
2016 2210 2163 2274 quae
2193 2187 2280 2253 ab
2325 2189 2467 2274 ipso
2495 2189 2782 2278 Domino
2809 2197 3024 2278 caput.

908 2295 1011 2357 est
1072 2295 1142 2354 et
1208 2289 1528 2376 magistra
1594 2289 1893 2354 omnium
1955 2288 2374 2354 ecclesiarum
2442 2293 2822 2370 constituta,
2869 2298 3018 2358 tam

906 2396 1139 2459 sancta
1184 2396 1447 2458 constat
1492 2396 1563 2456 et
1606 2391 1888 2476 provida
1947 2390 2423 2458 deliberatione
2483 2393 2880 2474 ordinatum,
2923 2396 3018 2461 ab

908 2495 1239 2562 universis
1286 2493 1538 2560 Christi
1586 2493 1892 2558 fidelibus
1946 2515 2096 2559 cum
2156 2515 2397 2582 magna
2439 2503 2542 2560 est
2587 2497 3016 2564 veneratione

908 2596 1414 2676 observandum,
1478 2594 1891 2660 fraternitati
1959 2600 2094 2662 tuae
2164 2617 2280 2682 per
2345 2597 2704 2682 apostolica
2767 2599 3020 2686 scripta

909 2700 1317 2775 mandamuS,
1382 2701 1709 2784 quatenus
1772 2696 2258 2762 solemnitatem
2318 2700 2782 2784 praenominati
2843 2723 3018 2767 mar-

808 2864 817 2870 ,
908 2818 1079 2885 tyris
1124 2799 1473 2864 annuatim
1531 2818 1683 2864 cum
1744 2818 1989 2884 magna
2031 2799 2456 2866 veneratione
2519 2800 2818 2882 celebres,
2861 2809 2932 2868 et
2973 2824 3020 2868 a

910 2901 1326 2989 parochianis
1348 2901 1396 2965 ⁴.
1435 2901 1574 2966 tuis
1641 2899 1984 2986 praecipias
2049 2902 2443 2987 generaliter
2517 2904 2845 2983 celebrari,
2908 2928 3020 2971 eos

911 3006 1205 3070 studiose
1249 3024 1684 3079 commonenS,
1729 3008 1808 3067 ut
1853 3002 1939 3067 ad
1999 3003 2207 3088 ipsius
2265 3005 2478 3070 sancti
2525 3009 3016 3073 venerationem

911 3108 1010 3172 ita
1055 3107 1386 3171 ferventer
1406 3106 1433 3145 ⁶
1490 3105 1863 3181 intendant,
1913 3106 2105 3190 quod,
2123 3138 2132 3146 ·
2153 3107 2408 3172 meritis
2457 3107 2601 3193 ejus
2659 3109 3018 3175 interveni-

914 3207 1200 3284 entibus,
1248 3206 1714 3291 Redemptoris
1774 3206 1878 3271 sui
1925 3208 2209 3293 gratiam
2240 3207 2368 3272 sibi
2413 3210 2682 3276 valeant
2727 3214 3018 3279 indefici-

914 3314 1101 3375 enter
1147 3328 1544 3393 comparare.
1636 3306 1746 3371 Ad
1791 3306 1935 3374 haec
1978 3308 2407 3393 praesentium
2454 3311 2582 3376 tibi
2625 3316 3020 3381 auctoritate

912 3411 1343 3497 injungimus,
1388 3413 1469 3473 ut
1513 3408 1830 3474 fratribus
1889 3410 2134 3475 nostris
2178 3414 2838 3497 comprovincialibus
2882 3418 3020 3503 epi·

914 3513 1128 3598 scopis
1173 3534 1258 3577 ex
1305 3516 1491 3597 parte
1538 3515 1764 3575 nostra
1809 3511 2138 3599 significes
2182 3517 2250 3577 te
2295 3512 2478 3578 istud
2519 3536 2560 3581 a
2601 3518 2792 3583 nobis
2837 3542 3020 3585 man-

917 3616 1149 3681 datum
1196 3613 1569 3699 suscepisse,
1619 3618 1688 3677 et
1734 3633 1844 3677 eos
1889 3613 1976 3678 ad
2020 3613 2477 3681 celebrandam
2531 3616 2708 3683 illius
2753 3622 3022 3705 pretiosi

917 3715 1233 3802 martyris
1281 3714 1717 3779 festivitatem
1780 3714 2030 3779 invites
2091 3716 2418 3782 attentius
2463 3722 2534 3783 et·
2578 3719 2876 3801 horteris,
2923 3725 3025 3789 ita

919 3818 1095 3905 quod
1154 3816 1284 3903 ipsi
1329 3816 1415 3881 ad
1460 3815 1583 3881 hoc
1628 3837 1745 3901 per
1788 3816 2087 3881 studium
2135 3822 2204 3882 et
2261 3819 2776 3888 sollicitudinem
2837 3804 3022 3893 tuam

920 3919 1380 3985 vehementius
1440 3917 1898 3994 accendantur,
1944 3922 2014 3983 et
2059 3940 2204 3983 eam
2249 3919 2504 3987 faciant
2553 3945 2595 3988 a
2637 3926 2776 3991 suis
2833 3948 3022 4013 paro-

922 4021 1175 4087 chianis
1221 4020 1569 4083 annuatim
1617 4040 1766 4083 cum
1811 4040 2054 4105 magna
2099 4019 2450 4088 devotione
2497 4018 2841 4095 observari.

990 4250 1005 4282 ¹
1042 4246 1397 4307 cardinali-um,
1421 4261 1521 4296 om.
1546 4246 1617 4295 A.
2095 4248 2115 4280 ⁴
2143 4250 2580 4313 parrochiuianiS,
2603 4253 2673 4303 A.

988 4328 1010 4362 ²
1045 4335 1109 4387 et,
1132 4342 1229 4377 om.
1256 4326 1319 4378 Ο.
2089 4326 2113 4358 ⁶
2132 4328 2414 4391 ferventer,
2432 4329 2477 4381 Ο
2494 4350 2508 4389 5
2528 4332 2848 4397 frequenter,
2870 4339 2941 4399 A,
2967 4342 3028 4399 z,

990 4405 1013 4440 ⁸
1047 4420 1193 4471 quam
1214 4405 1270 4455 in
1296 4402 1494 4465 Gallia,
1508 4402 1723 4468 A‚0,z;
1745 4417 1844 4452 om.
1861 4404 1922 4453 L.
2030 4404 2087 4453 L.
