3634 5800
574 2682 769 2744 Report
792 2697 849 2732 as

570 2755 625 2798 to
647 2747 735 2798 the

570 2812 752 2879 bishop
778 2814 834 2864 of

572 2879 716 2931 seez.

907 843 1037 908 336
1786 857 2148 907 EmsroLAE.
2629 842 2790 927 [mn.
2825 843 3023 912 1170.

898 1069 1140 1125 omnes,
1208 1051 1532 1132 quantum
1608 1045 1679 1108 in
1753 1045 1946 1110 nobis
2021 1052 2139 1122 est,
2216 1061 2444 1132 pacem
2513 1050 2585 1110 et
2655 1046 3006 1112 caritatem

894 1149 1229 1225 habenteS,
1294 1147 1547 1213 domini
1608 1146 1778 1230 regis
1847 1145 2078 1211 audito
2147 1146 2434 1222 consilio,
2511 1147 2602 1213 ad
2685 1147 3004 1213 honorem

894 1248 1179 1315 ecclesiae
1224 1247 1351 1312 Dei
1415 1251 1483 1312 et
1504 1246 1529 1284 ¹
1590 1267 1784 1310 suum
1831 1251 1899 1311 et
1942 1253 2261 1324 nostrum,
2306 1269 2564 1313 necnon
2609 1252 2679 1314 et
2722 1248 3006 1313 salutem

892 1352 1154 1416 illorum
1218 1348 1459 1434 quibus
1522 1346 1965 1412 reconciliatio
2031 1349 2379 1432 quaeritur,
2427 1349 2799 1436 negotium,
2863 1348 3009 1414 Deo

893 1453 1197 1540 propitio,
1267 1450 1418 1535 [ita]
1438 1447 1463 1486 '²
1526 1448 2029 1526 moderabimur,
2094 1455 2172 1514 ut
2243 1451 2452 1536 siquis
2522 1471 2752 1515 eorum
2803 1451 3008 1535 (quod

895 1555 1097 1639 absit)
1164 1573 1321 1638 pace
1397 1551 1699 1626 caruerit,
1768 1551 2324 1618 reconciliationis
2401 1573 2634 1638 expers
2699 1553 2824 1618 hoc
2874 1539 3011 1616 ‘siB‘i

897 1678 1034 1722 non
1078 1653 1268 1720 nobis
1315 1652 1553 1717 debeat
1596 1652 1941 1737 imputare.
2037 1651 2208 1718 Cum
2255 1659 2480 1718 autem
2525 1654 2610 1718 ad
2656 1653 2800 1718 haec
2845 1675 3010 1738 prae·

898 1759 1077 1824 fatus
1124 1755 1492 1821 Gaufredus
1538 1753 2054 1832 archidiaconuS,
2119 1754 2338 1820 adhuc
2387 1754 3013 1832 excommunicatus,

903 1860 1074 1925 sicut
1170 1857 1469 1922 incentor
1545 1854 1885 1919 discordiae
1985 1855 2081 1919 ita
2155 1860 2225 1920 et
2299 1861 2716 1941 contemptor
2801 1855 3005 1940 justae

904 1957 1268 2034 sententiae,
1341 1955 1666 2022 tumidius
1696 1953 1723 1993 ³
1796 1955 2244 2040 responderet,
2326 1956 2636 2021 dominus
2717 1978 2855 2034 rex,
2931 1978 3014 2021 ne

906 2057 1312 2126 suborientia
1385 2057 1541 2121 hinc
1605 2055 1761 2120 inde
1837 2055 2041 2121 verba
2120 2076 2352 2122 causas
2429 2056 2566 2121 odii
2635 2061 2706 2122 et
2779 2057 3015 2142 sopitae

906 2160 1275 2227 inimicitiae
1320 2157 1618 2223 fomitem
1680 2157 2156 2234 instaurarent,
2205 2177 2328 2222 nos
2345 2156 2373 2194 ⁴
2419 2158 2501 2222 de
2549 2158 2751 2223 turba
2795 2163 3016 2224 extra-

906 2263 1087 2338 henS,
1132 2259 1395 2346 rogavit
1456 2279 1541 2322 ne
1602 2278 1978 2323 curaremus
2023 2279 2174 2342 quse
2226 2257 2604 2323 dicerentur
2647 2279 2689 2323 a
2751 2258 3018 2336 talibus,

908 2370 976 2431 et
1020 2370 1100 2428 ut
1142 2365 1377 2449 pacato
1421 2359 1645 2424 animo
1677 2364 1744 2423 et
1788 2357 2150 2443 tranquillo
2183 2359 2246 2422 ei
2269 2358 2294 2396 ⁵
2339 2358 2676 2424 licentiam
2709 2364 2778 2424 et
2821 2360 3020 2426 bene-

907 2465 1259 2531 dictionem
1307 2462 1557 2537 dantes,
1604 2481 1752 2526 cum
1802 2460 2022 2546 gratia
2067 2459 2193 2524 Dei
2243 2465 2311 2525 et
2357 2481 2478 2524 sua
2521 2461 2881 2526 rediremus
2928 2462 3015 2526 ad

905 2565 1270 2652 hospitium
1314 2568 1638 2628 nostrum.

998 2669 1234 2733 Postea
1276 2684 1434 2729 vero
1480 2661 1848 2748 accepimus
1913 2662 2090 2747 quod
2135 2662 2544 2728 venerabiles
2589 2663 2735 2740 viri,
2801 2663 3013 2728 domi-

906 2793 1032 2838 nus
1061 2766 1611 2858 Rothomagensis
1658 2769 1725 2829 et
1771 2764 2116 2850 episcopus
2149 2763 2602 2843 Nivernensis,
2648 2785 2811 2850 quos
2841 2766 3017 2831 inter

907 2897 1028 2942 nos
1074 2879 1142 2939 et
1187 2869 1529 2937 dominum
1598 2889 1816 2954 regem
1859 2865 2202 2951 jusseratis
2270 2889 2408 2933 esse
2475 2868 2884 2946 mediatores
2949 2875 3018 2934 et

906 2978 1023 3064 qui
1115 2975 1197 3039 de
1288 2993 1447 3059 pace
1520 2974 1749 3035 nostra
1841 2968 2108 3034 solliciti
2200 2970 2620 3048 exstiterunt,
2711 2970 3013 3055 episcopo

908 3074 1228 3163 Sagiensi,
1272 3071 1649 3138 transeunti
1694 3070 1765 3133 in
1812 3069 2145 3155 Angliam,
2195 3068 2523 3134 dederunt
2564 3070 2638 3133 in
2681 3071 3017 3137 mandatis

906 3184 986 3244 ut
1048 3172 1649 3242 excommunicatos
1710 3174 1970 3234 nostros
2035 3169 2442 3249 absolveret3
2509 3171 2620 3235 sed
2689 3170 3015 3236 incertum

908 3286 1010 3346 est
1053 3300 1139 3343 an
1194 3276 1256 3342 ei
1300 3274 1577 3339 formam
1641 3292 1842 3357 quam
1886 3270 2019 3334 illis
2085 3271 2417 3336 dederatis
2481 3271 3018 3357 praescripserint,

902 3388 1039 3459 aut,
1086 3381 1143 3445 si
1190 3377 1572 3465 praescripta
1616 3380 1734 3452 est,
1783 3395 1872 3439 an
1918 3394 2062 3437 eam
2108 3374 2198 3438 sit
2242 3373 2416 3439 idem
2465 3374 2805 3460 episcopus
2835 3395 3016 3441 secu-

902 3492 1109 3551 turus.
1200 3469 1677 3543 Verumtamen
1719 3496 1844 3540 nec
1887 3474 2019 3538 illis
2066 3475 2382 3540 mandare
2426 3474 2632 3552 licuit,
2679 3474 2809 3539 nisi
2855 3496 3016 3560 qua-

904 3592 1100 3651 tenus
1145 3583 1541 3667 potestatem
1588 3598 1629 3641 a
1677 3576 1867 3640 vobis
1935 3574 2347 3660 acceperunt,
2401 3596 2522 3642 nec
2583 3576 2696 3640 ille
2760 3575 3014 3660 aliquid

907 3686 1065 3773 egit,
1108 3683 1164 3747 si
1208 3680 1373 3745 fines
1435 3698 1597 3763 quos
1660 3675 2206 3761 praescripseratis
2275 3676 2569 3741 excessit.
2661 3676 2858 3741 Unde
2929 3676 3013 3759 (si

906 3784 1152 3873 placet)
1218 3800 1477 3846 necesse
1540 3782 1658 3855 est,
1722 3781 1802 3841 ut
1871 3776 1927 3841 si
1991 3774 2186 3842 aliter
2253 3777 2542 3842 absoluti
2605 3782 2779 3854 sunt,
2846 3798 3012 3863 prae-

905 3885 1166 3974 cipiatis
1212 3904 1319 3949 eos
1348 3879 1695 3956 sententia,
1742 3899 1874 3964 qua
1918 3878 2334 3958 tenebantur,
2381 3879 2637 3956 arctari,
2680 3879 2884 3945 donec
2913 3900 3012 3943 se-

901 3989 1193 4057 cundum
1238 3982 1525 4073 ecclesiae
1588 3981 1866 4046 formam
1901 3979 2148 4064 jurent,
2194 3985 2274 4043 ut
2317 3986 2473 4045 ante
2509 3981 2873 4067 jusseratis,
2942 4002 3010 4045 se

900 4096 1121 4157 vestro
1182 4085 1496 4152 mandato
1555 4081 1922 4170 parituros3
1989 4087 2057 4145 et
2116 4080 2249 4145 illis
2303 4081 2421 4166 qui
2466 4082 2694 4147 taliter
2755 4080 3010 4147 absolvi

901 4190 1280 4265 meruerint,
1339 4187 1414 4251 in
1472 4185 1725 4249 virtute
1785 4183 2180 4249 obedientiae
2238 4183 2622 4270 injungatis,
2683 4188 3012 4268 quatenus

901 4291 1310 4367 mandatum,
1357 4286 1535 4373 quod
1580 4285 1673 4349 eis
1719 4306 1801 4349 ex
1849 4290 2036 4369 parte
2081 4288 2304 4349 vestra
2354 4283 2684 4361 faeiemuS,
2729 4282 3010 4349 inviola-

970 4600 986 4632 ¹
1022 4606 1091 4661 et,
1113 4614 1215 4648 om.
1239 4598 1301 4659 L,
1328 4597 1392 4649 G.
2075 4591 2096 4625 ⁴
2129 4608 2235 4653 vos,
2256 4592 2316 4642 L.

965 4678 987 4711 ²
1020 4679 1115 4737 ita,
1135 4678 1197 4727 B.
2075 4670 2096 4703 ⁸
2131 4676 2194 4730 et,
2217 4669 2277 4719 L.

966 4754 989 4789 ⁸
1023 4754 1254 4814 tumidus,
1276 4754 1337 4803 L.
