<?xml version="1.0" encoding="UTF-8"?>
<!DOCTYPE html PUBLIC "-//W3C//DTD XHTML 1.0 Transitional//EN"
    "http://www.w3.org/TR/xhtml1/DTD/xhtml1-transitional.dtd">
<html xmlns="http://www.w3.org/1999/xhtml" xml:lang="en" lang="en">
 <head>
  <title>
</title>
<meta http-equiv="Content-Type" content="text/html;charset=utf-8" />
  <meta name='ocr-system' content='tesseract 3.04.00' />
  <meta name='ocr-capabilities' content='ocr_page ocr_carea ocr_par ocr_line ocrx_word'/>
</head>
<body>
  <div class='ocr_page' id='page_1' title='image "./materialsforhis00herbgoog_0212.png"; bbox 0 0 3634 5800; ppageno 0'>
   <div class='ocr_carea' id='block_1_1' title="bbox 610 866 2724 958">
    <p class='ocr_par' dir='ltr' id='par_1_1' title="bbox 610 866 2724 958">
     <span class='ocr_line' id='line_1_1' title="bbox 610 866 2724 958; baseline -0 -21"><span class='ocrx_word' id='word_1_1' title='bbox 610 889 741 940; x_wconf 60' lang='lat' dir='ltr'>Aa),</span> <span class='ocrx_word' id='word_1_2' title='bbox 780 873 1003 958; x_wconf 70' lang='grc'><strong>1169]</strong></span> <span class='ocrx_word' id='word_1_3' title='bbox 1485 885 1842 936; x_wconf 76' lang='lat' dir='ltr'>EplsTOLAE.</span> <span class='ocrx_word' id='word_1_4' title='bbox 2595 866 2724 936; x_wconf 79' lang='lat'>187</span> 
     </span>
    </p>
   </div>
   <div class='ocr_carea' id='block_1_2' title="bbox 1510 1221 1854 1292">
    <p class='ocr_par' dir='ltr' id='par_1_2' title="bbox 1510 1221 1854 1292">
     <span class='ocr_line' id='line_1_2' title="bbox 1510 1221 1854 1292; baseline -0.006 -4"><span class='ocrx_word' id='word_1_5' title='bbox 1510 1221 1854 1292; x_wconf 82' lang='lat' dir='ltr'>DCXVII.</span> 
     </span>
    </p>
   </div>
   <div class='ocr_carea' id='block_1_3' title="bbox 619 1357 2730 1546">
    <p class='ocr_par' dir='ltr' id='par_1_3' title="bbox 619 1357 2730 1546">
     <span class='ocr_line' id='line_1_3' title="bbox 619 1357 2730 1447; baseline -0.004 -4"><span class='ocrx_word' id='word_1_6' title='bbox 619 1379 911 1444; x_wconf 71' lang='lat' dir='ltr'>Tnoffls</span> <span class='ocrx_word' id='word_1_7' title='bbox 957 1379 1526 1447; x_wconf 71' lang='lat' dir='ltr'>OAN‘rnAmstIs</span> <span class='ocrx_word' id='word_1_8' title='bbox 1589 1391 2186 1442; x_wconf 75' lang='lat' dir='ltr'>ARCHIEPISCOPUS</span> <span class='ocrx_word' id='word_1_9' title='bbox 2227 1357 2353 1438; x_wconf 33' lang='lat' dir='ltr'>AD·</span> <span class='ocrx_word' id='word_1_10' title='bbox 2389 1372 2730 1438; x_wconf 76' lang='lat' dir='ltr'><strong>JOANNEM</strong></span> 
     </span>
     <span class='ocr_line' id='line_1_4' title="bbox 1113 1481 2206 1546; baseline -0.005 -1"><span class='ocrx_word' id='word_1_11' title='bbox 1113 1481 1177 1544; x_wconf 91' lang='lat' dir='ltr'>N</span> <span class='ocrx_word' id='word_1_12' title='bbox 1185 1495 1683 1546; x_wconf 74' lang='lat' dir='ltr'>EAPoLITANUM</span> <span class='ocrx_word' id='word_1_13' title='bbox 1736 1491 2206 1544; x_wconf 70' lang='lat' dir='ltr'><strong>CARDINALEM.</strong></span> 
     </span>
    </p>
   </div>
   <div class='ocr_carea' id='block_1_4' title="bbox 904 1627 2464 1694">
    <p class='ocr_par' dir='ltr' id='par_1_4' title="bbox 904 1627 2464 1694">
     <span class='ocr_line' id='line_1_5' title="bbox 904 1627 2464 1694; baseline -0.003 -13"><span class='ocrx_word' id='word_1_14' title='bbox 904 1631 999 1694; x_wconf 87' lang='lat' dir='ltr'>(A.</span> <span class='ocrx_word' id='word_1_15' title='bbox 1024 1635 1120 1688; x_wconf 81' lang='lat'>36;</span> <span class='ocrx_word' id='word_1_16' title='bbox 1156 1631 1220 1683; x_wconf 92' lang='lat' dir='ltr'>O.</span> <span class='ocrx_word' id='word_1_17' title='bbox 1246 1629 1298 1679; x_wconf 91' lang='lat' dir='ltr'>ii.</span> <span class='ocrx_word' id='word_1_18' title='bbox 1324 1635 1423 1689; x_wconf 83' lang='lat'>303</span> <span class='ocrx_word' id='word_1_19' title='bbox 1462 1631 1517 1680; x_wconf 92' lang='lat' dir='ltr'>Z.</span> <span class='ocrx_word' id='word_1_20' title='bbox 1542 1627 1594 1679; x_wconf 88' lang='lat' dir='ltr'>ii.</span> <span class='ocrx_word' id='word_1_21' title='bbox 1622 1633 1715 1680; x_wconf 81' lang='lat'>113</span> <span class='ocrx_word' id='word_1_22' title='bbox 1738 1649 1751 1686; x_wconf 77' lang='lat'><em>3</em></span> <span class='ocrx_word' id='word_1_23' title='bbox 1786 1629 1919 1692; x_wconf 86' lang='lat' dir='ltr'>Lup.</span> <span class='ocrx_word' id='word_1_24' title='bbox 1947 1627 1998 1677; x_wconf 84' lang='lat' dir='ltr'>ii.</span> <span class='ocrx_word' id='word_1_25' title='bbox 2023 1633 2117 1688; x_wconf 83' lang='lat'>99;</span> <span class='ocrx_word' id='word_1_26' title='bbox 2153 1627 2333 1676; x_wconf 86' lang='lat' dir='ltr'>Thom.</span> <span class='ocrx_word' id='word_1_27' title='bbox 2356 1629 2464 1688; x_wconf 85' lang='lat'>55.)</span> 
     </span>
    </p>
   </div>
   <div class='ocr_carea' id='block_1_5' title="bbox 618 1753 3066 4502">
    <p class='ocr_par' dir='ltr' id='par_1_5' title="bbox 618 1753 2737 2336">
     <span class='ocr_line' id='line_1_6' title="bbox 706 1753 2730 1836; baseline -0.003 -13"><span class='ocrx_word' id='word_1_28' title='bbox 706 1759 1086 1825; x_wconf 83' lang='lat' dir='ltr'>Venerabili</span> <span class='ocrx_word' id='word_1_29' title='bbox 1140 1759 1353 1836; x_wconf 86' lang='lat' dir='ltr'>fratri,</span> <span class='ocrx_word' id='word_1_30' title='bbox 1415 1765 1485 1825; x_wconf 91' lang='lat' dir='ltr'>et</span> <span class='ocrx_word' id='word_1_31' title='bbox 1545 1758 1808 1823; x_wconf 81' lang='lat' dir='ltr'>utinam</span> <span class='ocrx_word' id='word_1_32' title='bbox 1875 1757 2102 1834; x_wconf 87' lang='lat' dir='ltr'>amico,</span> <span class='ocrx_word' id='word_1_33' title='bbox 2169 1754 2438 1822; x_wconf 87' lang='lat' dir='ltr'>domino</span> <span class='ocrx_word' id='word_1_34' title='bbox 2481 1754 2528 1820; x_wconf 84' lang='lat' dir='ltr'><strong>J</strong></span> <span class='ocrx_word' id='word_1_35' title='bbox 2530 1753 2730 1821; x_wconf 88' lang='lat' dir='ltr'>oanni</span> 
     </span>
     <span class='ocr_line' id='line_1_7' title="bbox 621 1855 2733 1948; baseline -0.003 -21"><span class='ocrx_word' id='word_1_36' title='bbox 621 1861 1082 1948; x_wconf 85' lang='lat' dir='ltr'>Neapolitano,</span> <span class='ocrx_word' id='word_1_37' title='bbox 1129 1859 1257 1927; x_wconf 90' lang='lat' dir='ltr'>Dei</span> <span class='ocrx_word' id='word_1_38' title='bbox 1303 1861 1523 1948; x_wconf 83' lang='lat' dir='ltr'>gratia</span> <span class='ocrx_word' id='word_1_39' title='bbox 1567 1865 1812 1926; x_wconf 81' lang='lat' dir='ltr'>sanctae</span> <span class='ocrx_word' id='word_1_40' title='bbox 1859 1859 2177 1926; x_wconf 78' lang='lat' dir='ltr'>Romame</span> <span class='ocrx_word' id='word_1_41' title='bbox 2222 1855 2509 1925; x_wconf 84' lang='lat' dir='ltr'>ecclesiae</span> <span class='ocrx_word' id='word_1_42' title='bbox 2554 1875 2733 1942; x_wconf 80' lang='lat' dir='ltr'>pres-</span> 
     </span>
     <span class='ocr_line' id='line_1_8' title="bbox 618 1960 2732 2052; baseline -0.002 -23"><span class='ocrx_word' id='word_1_43' title='bbox 618 1967 857 2052; x_wconf 84' lang='lat' dir='ltr'>bytero</span> <span class='ocrx_word' id='word_1_44' title='bbox 924 1964 1260 2042; x_wconf 77' lang='lat' dir='ltr'><strong>cardinali,</strong></span> <span class='ocrx_word' id='word_1_45' title='bbox 1330 1964 1617 2030; x_wconf 83' lang='lat' dir='ltr'>Thomas</span> <span class='ocrx_word' id='word_1_46' title='bbox 1680 1962 1905 2028; x_wconf 89' lang='lat' dir='ltr'>eadem</span> <span class='ocrx_word' id='word_1_47' title='bbox 1953 1963 2169 2048; x_wconf 87' lang='lat' dir='ltr'>gratia</span> <span class='ocrx_word' id='word_1_48' title='bbox 2239 1960 2732 2027; x_wconf 84' lang='lat' dir='ltr'>Cantuariensis</span> 
     </span>
     <span class='ocr_line' id='line_1_9' title="bbox 621 2062 2735 2144; baseline -0.003 -12"><span class='ocrx_word' id='word_1_49' title='bbox 621 2067 905 2134; x_wconf 68' lang='lat' dir='ltr'>ecclesiae</span> <span class='ocrx_word' id='word_1_50' title='bbox 952 2066 1255 2132; x_wconf 85' lang='lat' dir='ltr'>minister</span> <span class='ocrx_word' id='word_1_51' title='bbox 1320 2066 1609 2144; x_wconf 56' lang='lat' dir='ltr'>humilia</span> <span class='ocrx_word' id='word_1_52' title='bbox 1681 2065 1880 2130; x_wconf 89' lang='lat' dir='ltr'>miser</span> <span class='ocrx_word' id='word_1_53' title='bbox 1943 2085 2022 2132; x_wconf 85' lang='lat' dir='ltr'>ac</span> <span class='ocrx_word' id='word_1_54' title='bbox 2087 2062 2480 2128; x_wconf 83' lang='lat' dir='ltr'>miserabilis</span> <span class='ocrx_word' id='word_1_55' title='bbox 2528 2063 2735 2139; x_wconf 84' lang='lat' dir='ltr'>exsul,</span> 
     </span>
     <span class='ocr_line' id='line_1_10' title="bbox 620 2163 2737 2254; baseline -0.002 -21"><span class='ocrx_word' id='word_1_56' title='bbox 620 2168 924 2245; x_wconf 79' lang='lat' dir='ltr'>salutem,</span> <span class='ocrx_word' id='word_1_57' title='bbox 952 2174 1022 2234; x_wconf 90' lang='lat' dir='ltr'>et</span> <span class='ocrx_word' id='word_1_58' title='bbox 1065 2169 1159 2234; x_wconf 88' lang='lat' dir='ltr'>sic</span> <span class='ocrx_word' id='word_1_59' title='bbox 1204 2169 1487 2234; x_wconf 87' lang='lat' dir='ltr'>transire</span> <span class='ocrx_word' id='word_1_60' title='bbox 1534 2187 1653 2254; x_wconf 89' lang='lat' dir='ltr'>per</span> <span class='ocrx_word' id='word_1_61' title='bbox 1697 2166 1874 2231; x_wconf 90' lang='lat' dir='ltr'>bona</span> <span class='ocrx_word' id='word_1_62' title='bbox 1921 2163 2328 2252; x_wconf 86' lang='lat' dir='ltr'>temporalia,</span> <span class='ocrx_word' id='word_1_63' title='bbox 2361 2169 2439 2229; x_wconf 90' lang='lat' dir='ltr'>ut</span> <span class='ocrx_word' id='word_1_64' title='bbox 2482 2167 2737 2230; x_wconf 80' lang='lat' dir='ltr'>aeterna</span> 
     </span>
     <span class='ocr_line' id='line_1_11' title="bbox 621 2269 1235 2336; baseline 0.002 -2"><span class='ocrx_word' id='word_1_65' title='bbox 621 2291 757 2335; x_wconf 91' lang='lat' dir='ltr'>non</span> <span class='ocrx_word' id='word_1_66' title='bbox 802 2269 1235 2336; x_wconf 70' lang='lat' dir='ltr'><strong>demereatur.</strong></span> 
     </span>
    </p>

    <p class='ocr_par' dir='ltr' id='par_1_6' title="bbox 620 2369 3066 4502">
     <span class='ocr_line' id='line_1_12' title="bbox 712 2369 3066 2464; baseline 0 -30"><span class='ocrx_word' id='word_1_67' title='bbox 712 2371 1001 2437; x_wconf 89' lang='lat' dir='ltr'><strong>Verbum</strong></span> <span class='ocrx_word' id='word_1_68' title='bbox 1080 2371 1539 2459; x_wconf 86' lang='lat' dir='ltr'>evangelicum</span> <span class='ocrx_word' id='word_1_69' title='bbox 1562 2371 1585 2409; x_wconf 88' lang='lat'>¹</span> <span class='ocrx_word' id='word_1_70' title='bbox 1655 2376 1758 2436; x_wconf 84' lang='lat' dir='ltr'>est</span> <span class='ocrx_word' id='word_1_71' title='bbox 1778 2395 1799 2434; x_wconf 74' lang='grc' dir='ltr'><strong><em>τ</em></strong></span> <span class='ocrx_word' id='word_1_72' title='bbox 1879 2377 1911 2404; x_wconf 94' lang='lat'>“</span> <span class='ocrx_word' id='word_1_73' title='bbox 1935 2369 2064 2448; x_wconf 84' lang='lat' dir='ltr'>Qui</span> <span class='ocrx_word' id='word_1_74' title='bbox 2130 2390 2265 2434; x_wconf 91' lang='lat' dir='ltr'>non</span> <span class='ocrx_word' id='word_1_75' title='bbox 2330 2372 2432 2434; x_wconf 88' lang='lat' dir='ltr'>est</span> <span class='ocrx_word' id='word_1_76' title='bbox 2476 2387 2734 2434; x_wconf 89' lang='lat' dir='ltr'>mecum</span> <span class='ocrx_word' id='word_1_77' title='bbox 2758 2383 3066 2464; x_wconf 68' lang='lat' dir='ltr'>Eprostula-</span> 
     </span>
     <span class='ocr_line' id='line_1_13' title="bbox 620 2459 2890 2560; baseline -0.003 -20"><span class='ocrx_word' id='word_1_78' title='bbox 620 2483 653 2508; x_wconf 91' lang='lat'><strong>“</strong></span> <span class='ocrx_word' id='word_1_79' title='bbox 701 2478 933 2540; x_wconf 87' lang='lat' dir='ltr'>contra</span> <span class='ocrx_word' id='word_1_80' title='bbox 975 2495 1079 2538; x_wconf 91' lang='lat' dir='ltr'>me</span> <span class='ocrx_word' id='word_1_81' title='bbox 1126 2479 1251 2553; x_wconf 88' lang='lat' dir='ltr'>est,</span> <span class='ocrx_word' id='word_1_82' title='bbox 1296 2479 1367 2540; x_wconf 90' lang='lat' dir='ltr'>et</span> <span class='ocrx_word' id='word_1_83' title='bbox 1412 2475 1529 2560; x_wconf 90' lang='lat' dir='ltr'>qui</span> <span class='ocrx_word' id='word_1_84' title='bbox 1573 2493 1708 2538; x_wconf 89' lang='lat' dir='ltr'>non</span> <span class='ocrx_word' id='word_1_85' title='bbox 1752 2471 2008 2559; x_wconf 73' lang='lat' dir='ltr'>colligit</span> <span class='ocrx_word' id='word_1_86' title='bbox 2053 2493 2309 2539; x_wconf 89' lang='lat' dir='ltr'>mecum</span> <span class='ocrx_word' id='word_1_87' title='bbox 2361 2469 2734 2557; x_wconf 86' lang='lat' dir='ltr'>dispergit.&#39;&#39;</span> <span class='ocrx_word' id='word_1_88' title='bbox 2761 2459 2890 2503; x_wconf 67' lang='lat' dir='ltr'><strong>‘¹⁰n·</strong></span> 
     </span>
     <span class='ocr_line' id='line_1_14' title="bbox 626 2568 2737 2662; baseline -0.002 -22"><span class='ocrx_word' id='word_1_89' title='bbox 626 2575 716 2640; x_wconf 92' lang='lat' dir='ltr'>Et</span> <span class='ocrx_word' id='word_1_90' title='bbox 756 2596 937 2641; x_wconf 87' lang='lat' dir='ltr'>nunc</span> <span class='ocrx_word' id='word_1_91' title='bbox 981 2576 1252 2662; x_wconf 89' lang='lat' dir='ltr'>quidem</span> <span class='ocrx_word' id='word_1_92' title='bbox 1323 2597 1471 2662; x_wconf 87' lang='lat' dir='ltr'>quae</span> <span class='ocrx_word' id='word_1_93' title='bbox 1539 2575 1671 2640; x_wconf 84' lang='lat' dir='ltr'>fuit</span> <span class='ocrx_word' id='word_1_94' title='bbox 1731 2595 2028 2660; x_wconf 86' lang='lat' dir='ltr'>unquam</span> <span class='ocrx_word' id='word_1_95' title='bbox 2072 2568 2390 2640; x_wconf 83' lang='lat' dir='ltr'>adversus</span> <span class='ocrx_word' id='word_1_96' title='bbox 2436 2572 2737 2638; x_wconf 88' lang='lat' dir='ltr'>sublimi-</span> 
     </span>
     <span class='ocr_line' id='line_1_15' title="bbox 623 2677 2736 2765; baseline -0 -22"><span class='ocrx_word' id='word_1_97' title='bbox 623 2684 832 2744; x_wconf 86' lang='lat' dir='ltr'>tatem</span> <span class='ocrx_word' id='word_1_98' title='bbox 877 2684 1169 2745; x_wconf 85' lang='lat' dir='ltr'>vestram</span> <span class='ocrx_word' id='word_1_99' title='bbox 1214 2681 1445 2744; x_wconf 85' lang='lat' dir='ltr'>nostra</span> <span class='ocrx_word' id='word_1_100' title='bbox 1512 2678 1852 2764; x_wconf 85' lang='lat' dir='ltr'>iniquitas,</span> <span class='ocrx_word' id='word_1_101' title='bbox 1900 2699 2048 2764; x_wconf 85' lang='lat' dir='ltr'>quae</span> <span class='ocrx_word' id='word_1_102' title='bbox 2093 2677 2448 2765; x_wconf 83' lang='lat' dir='ltr'>parvitatis</span> <span class='ocrx_word' id='word_1_103' title='bbox 2492 2682 2736 2743; x_wconf 85' lang='lat' dir='ltr'>nostrae</span> 
     </span>
     <span class='ocr_line' id='line_1_16' title="bbox 622 2777 2738 2866; baseline -0.001 -22"><span class='ocrx_word' id='word_1_104' title='bbox 622 2780 985 2858; x_wconf 78' lang='lat' dir='ltr'>indevotiO,</span> <span class='ocrx_word' id='word_1_105' title='bbox 1055 2785 1135 2845; x_wconf 92' lang='lat' dir='ltr'>ut</span> <span class='ocrx_word' id='word_1_106' title='bbox 1195 2801 1331 2845; x_wconf 88' lang='lat' dir='ltr'>non</span> <span class='ocrx_word' id='word_1_107' title='bbox 1394 2779 1583 2846; x_wconf 89' lang='lat' dir='ltr'>fieret</span> <span class='ocrx_word' id='word_1_108' title='bbox 1642 2779 1838 2845; x_wconf 88' lang='lat' dir='ltr'>nobis</span> <span class='ocrx_word' id='word_1_109' title='bbox 1913 2784 2206 2866; x_wconf 84' lang='lat' dir='ltr'>tempore</span> <span class='ocrx_word' id='word_1_110' title='bbox 2283 2777 2738 2844; x_wconf 74' lang='lat' dir='ltr'>tribulationis</span> 
     </span>
     <span class='ocr_line' id='line_1_17' title="bbox 623 2879 2738 2969; baseline -0.002 -22"><span class='ocrx_word' id='word_1_111' title='bbox 623 2887 867 2949; x_wconf 74' lang='lat' dir='ltr'>nostrae</span> <span class='ocrx_word' id='word_1_112' title='bbox 912 2881 1201 2969; x_wconf 82' lang='lat' dir='ltr'>benigna</span> <span class='ocrx_word' id='word_1_113' title='bbox 1262 2887 1487 2949; x_wconf 79' lang='lat' dir='ltr'>vestra</span> <span class='ocrx_word' id='word_1_114' title='bbox 1547 2880 1882 2961; x_wconf 82' lang='lat' dir='ltr'>sollertia3</span> <span class='ocrx_word' id='word_1_115' title='bbox 1927 2902 2063 2947; x_wconf 90' lang='lat' dir='ltr'>non</span> <span class='ocrx_word' id='word_1_116' title='bbox 2107 2879 2351 2947; x_wconf 88' lang='lat' dir='ltr'>faceret</span> <span class='ocrx_word' id='word_1_117' title='bbox 2395 2879 2738 2947; x_wconf 83' lang='lat' dir='ltr'>nobiscum</span> 
     </span>
     <span class='ocr_line' id='line_1_18' title="bbox 625 2982 2739 3071; baseline -0.001 -22"><span class='ocrx_word' id='word_1_118' title='bbox 625 2990 850 3050; x_wconf 85' lang='lat' dir='ltr'>vestra</span> <span class='ocrx_word' id='word_1_119' title='bbox 924 2984 1438 3066; x_wconf 89' lang='lat' dir='ltr'>benevolentia;</span> <span class='ocrx_word' id='word_1_120' title='bbox 1515 2985 1719 3049; x_wconf 93' lang='lat' dir='ltr'>immo</span> <span class='ocrx_word' id='word_1_121' title='bbox 1798 2984 2008 3071; x_wconf 88' lang='lat' dir='ltr'>(quod</span> <span class='ocrx_word' id='word_1_122' title='bbox 2071 2983 2302 3048; x_wconf 84' lang='lat' dir='ltr'>durius</span> <span class='ocrx_word' id='word_1_123' title='bbox 2379 2982 2528 3064; x_wconf 87' lang='lat' dir='ltr'>est,)</span> <span class='ocrx_word' id='word_1_124' title='bbox 2603 3003 2739 3047; x_wconf 94' lang='lat' dir='ltr'>non</span> 
     </span>
     <span class='ocr_line' id='line_1_19' title="bbox 623 3084 2738 3174; baseline -0 -24"><span class='ocrx_word' id='word_1_125' title='bbox 623 3084 958 3152; x_wconf 85' lang='lat' dir='ltr'>destiterit</span> <span class='ocrx_word' id='word_1_126' title='bbox 1000 3086 1351 3174; x_wconf 82' lang='lat' dir='ltr'>aggravari</span> <span class='ocrx_word' id='word_1_127' title='bbox 1395 3107 1631 3153; x_wconf 87' lang='lat' dir='ltr'>manus</span> <span class='ocrx_word' id='word_1_128' title='bbox 1677 3091 1904 3151; x_wconf 84' lang='lat' dir='ltr'>vestra</span> <span class='ocrx_word' id='word_1_129' title='bbox 1955 3107 2154 3172; x_wconf 83' lang='lat' dir='ltr'>super</span> <span class='ocrx_word' id='word_1_130' title='bbox 2196 3085 2446 3151; x_wconf 80' lang='lat' dir='ltr'>exsulis</span> <span class='ocrx_word' id='word_1_131' title='bbox 2490 3089 2560 3149; x_wconf 90' lang='lat' dir='ltr'>et</span> <span class='ocrx_word' id='word_1_132' title='bbox 2589 3105 2738 3169; x_wconf 90' lang='lat' dir='ltr'>pro-</span> 
     </span>
     <span class='ocr_line' id='line_1_20' title="bbox 622 3185 2741 3276; baseline -0.002 -21"><span class='ocrx_word' id='word_1_133' title='bbox 622 3190 855 3275; x_wconf 84' lang='lat' dir='ltr'>scripti</span> <span class='ocrx_word' id='word_1_134' title='bbox 902 3189 1444 3276; x_wconf 68' lang='lat' dir='ltr'>importunitates</span> <span class='ocrx_word' id='word_1_135' title='bbox 1490 3211 1567 3256; x_wconf 84' lang='lat' dir='ltr'>ac</span> <span class='ocrx_word' id='word_1_136' title='bbox 1610 3188 1998 3255; x_wconf 70' lang='lat' dir='ltr'>molestias?</span> <span class='ocrx_word' id='word_1_137' title='bbox 2087 3187 2244 3254; x_wconf 89' lang='lat' dir='ltr'>Non</span> <span class='ocrx_word' id='word_1_138' title='bbox 2292 3187 2699 3255; x_wconf 87' lang='lat' dir='ltr'>continuerit</span> <span class='ocrx_word' id='word_1_139' title='bbox 2715 3185 2741 3225; x_wconf 76' lang='lat'>²</span> 
     </span>
     <span class='ocr_line' id='line_1_21' title="bbox 626 3292 2739 3379; baseline -0.001 -21"><span class='ocrx_word' id='word_1_140' title='bbox 626 3314 827 3379; x_wconf 86' lang='lat' dir='ltr'>opera</span> <span class='ocrx_word' id='word_1_141' title='bbox 907 3298 1132 3359; x_wconf 86' lang='lat' dir='ltr'>vestra</span> <span class='ocrx_word' id='word_1_142' title='bbox 1214 3298 1285 3359; x_wconf 88' lang='lat' dir='ltr'>et</span> <span class='ocrx_word' id='word_1_143' title='bbox 1360 3292 1697 3358; x_wconf 86' lang='lat' dir='ltr'>industria</span> <span class='ocrx_word' id='word_1_144' title='bbox 1770 3313 2028 3378; x_wconf 80' lang='lat' dir='ltr'><strong>semper</strong></span> <span class='ocrx_word' id='word_1_145' title='bbox 2099 3295 2368 3377; x_wconf 86' lang='lat' dir='ltr'>aecepto</span> <span class='ocrx_word' id='word_1_146' title='bbox 2445 3294 2739 3379; x_wconf 86' lang='lat' dir='ltr'>tempore</span> 
     </span>
     <span class='ocr_line' id='line_1_22' title="bbox 624 3394 2740 3484; baseline 0 -24"><span class='ocrx_word' id='word_1_147' title='bbox 624 3396 847 3461; x_wconf 84' lang='lat' dir='ltr'>miseri</span> <span class='ocrx_word' id='word_1_148' title='bbox 910 3395 1198 3461; x_wconf 85' lang='lat' dir='ltr'>hominis</span> <span class='ocrx_word' id='word_1_149' title='bbox 1260 3417 1502 3484; x_wconf 85' lang='lat' dir='ltr'>augere</span> <span class='ocrx_word' id='word_1_150' title='bbox 1563 3395 1941 3461; x_wconf 77' lang='lat' dir='ltr'>miseriam?</span> <span class='ocrx_word' id='word_1_151' title='bbox 2029 3394 2188 3461; x_wconf 90' lang='lat' dir='ltr'>Non</span> <span class='ocrx_word' id='word_1_152' title='bbox 2264 3394 2500 3461; x_wconf 83' lang='lat' dir='ltr'>debuit</span> <span class='ocrx_word' id='word_1_153' title='bbox 2563 3400 2740 3461; x_wconf 89' lang='lat' dir='ltr'>certe</span> 
     </span>
     <span class='ocr_line' id='line_1_23' title="bbox 626 3496 2736 3583; baseline 0 -21"><span class='ocrx_word' id='word_1_154' title='bbox 626 3498 781 3563; x_wconf 85' lang='lat' dir='ltr'>talis</span> <span class='ocrx_word' id='word_1_155' title='bbox 804 3496 830 3537; x_wconf 84' lang='lat'>³</span> <span class='ocrx_word' id='word_1_156' title='bbox 920 3498 1377 3565; x_wconf 88' lang='lat' dir='ltr'>testimonium</span> <span class='ocrx_word' id='word_1_157' title='bbox 1454 3497 1876 3565; x_wconf 71' lang='lat' dir='ltr'>conscientiae</span> <span class='ocrx_word' id='word_1_158' title='bbox 1951 3496 2095 3563; x_wconf 89' lang='lat' dir='ltr'>fieri</span> <span class='ocrx_word' id='word_1_159' title='bbox 2193 3496 2406 3583; x_wconf 87' lang='lat' dir='ltr'>gloria</span> <span class='ocrx_word' id='word_1_160' title='bbox 2497 3501 2736 3563; x_wconf 84' lang='lat' dir='ltr'>vestra.</span> 
     </span>
     <span class='ocr_line' id='line_1_24' title="bbox 626 3599 2740 3687; baseline 0 -21"><span class='ocrx_word' id='word_1_161' title='bbox 626 3600 865 3667; x_wconf 83' lang='lat' dir='ltr'>Pareat</span> <span class='ocrx_word' id='word_1_162' title='bbox 924 3602 1152 3687; x_wconf 86' lang='lat' dir='ltr'>itaque</span> <span class='ocrx_word' id='word_1_163' title='bbox 1198 3600 1280 3667; x_wconf 88' lang='lat' dir='ltr'>de</span> <span class='ocrx_word' id='word_1_164' title='bbox 1348 3606 1602 3680; x_wconf 82' lang='lat' dir='ltr'>caetem,</span> <span class='ocrx_word' id='word_1_165' title='bbox 1671 3601 1729 3666; x_wconf 84' lang='lat' dir='ltr'>si</span> <span class='ocrx_word' id='word_1_166' title='bbox 1796 3599 2030 3687; x_wconf 82' lang='lat' dir='ltr'>placet,</span> <span class='ocrx_word' id='word_1_167' title='bbox 2077 3605 2323 3687; x_wconf 88' lang='lat' dir='ltr'>parcat,</span> <span class='ocrx_word' id='word_1_168' title='bbox 2370 3620 2609 3685; x_wconf 84' lang='lat' dir='ltr'>quaeso,</span> <span class='ocrx_word' id='word_1_169' title='bbox 2671 3607 2740 3666; x_wconf 92' lang='lat' dir='ltr'>et</span> 
     </span>
     <span class='ocr_line' id='line_1_25' title="bbox 625 3703 2743 3791; baseline 0 -22"><span class='ocrx_word' id='word_1_170' title='bbox 625 3724 804 3769; x_wconf 88' lang='lat' dir='ltr'>nunc</span> <span class='ocrx_word' id='word_1_171' title='bbox 849 3710 1112 3791; x_wconf 83' lang='lat' dir='ltr'>tempus</span> <span class='ocrx_word' id='word_1_172' title='bbox 1158 3708 1261 3769; x_wconf 88' lang='lat' dir='ltr'>est</span> <span class='ocrx_word' id='word_1_173' title='bbox 1306 3708 1384 3769; x_wconf 86' lang='lat' dir='ltr'>ut</span> <span class='ocrx_word' id='word_1_174' title='bbox 1436 3709 1668 3791; x_wconf 89' lang='lat' dir='ltr'>parcat</span> <span class='ocrx_word' id='word_1_175' title='bbox 1710 3710 2047 3789; x_wconf 77' lang='lat' dir='ltr'>cessetque</span> <span class='ocrx_word' id='word_1_176' title='bbox 2095 3703 2468 3790; x_wconf 83' lang='lat' dir='ltr'>indignatio</span> <span class='ocrx_word' id='word_1_177' title='bbox 2515 3708 2743 3769; x_wconf 82' lang='lat' dir='ltr'>vestra</span> 
     </span>
     <span class='ocr_line' id='line_1_26' title="bbox 626 3804 2739 3893; baseline 0 -22"><span class='ocrx_word' id='word_1_178' title='bbox 626 3804 1035 3872; x_wconf 86' lang='lat' dir='ltr'>infortunati</span> <span class='ocrx_word' id='word_1_179' title='bbox 1098 3805 1387 3871; x_wconf 80' lang='lat' dir='ltr'>hominis</span> <span class='ocrx_word' id='word_1_180' title='bbox 1437 3827 1838 3893; x_wconf 82' lang='lat' dir='ltr'>exaggerare</span> <span class='ocrx_word' id='word_1_181' title='bbox 1899 3805 2358 3887; x_wconf 85' lang='lat' dir='ltr'>infortunium,</span> <span class='ocrx_word' id='word_1_182' title='bbox 2423 3810 2494 3872; x_wconf 92' lang='lat' dir='ltr'>et</span> <span class='ocrx_word' id='word_1_183' title='bbox 2547 3806 2739 3871; x_wconf 89' lang='lat' dir='ltr'>inno-</span> 
     </span>
     <span class='ocr_line' id='line_1_27' title="bbox 628 3906 2741 3994; baseline -0.001 -20"><span class='ocrx_word' id='word_1_184' title='bbox 628 3908 915 3974; x_wconf 87' lang='lat' dir='ltr'>centiam</span> <span class='ocrx_word' id='word_1_185' title='bbox 965 3908 1274 3973; x_wconf 87' lang='lat' dir='ltr'>lacerare.</span> <span class='ocrx_word' id='word_1_186' title='bbox 1354 3906 1537 3972; x_wconf 88' lang='lat' dir='ltr'>Nam</span> <span class='ocrx_word' id='word_1_187' title='bbox 1582 3912 1653 3972; x_wconf 89' lang='lat' dir='ltr'>et</span> <span class='ocrx_word' id='word_1_188' title='bbox 1706 3906 2030 3993; x_wconf 86' lang='lat' dir='ltr'>siquando</span> <span class='ocrx_word' id='word_1_189' title='bbox 2092 3908 2333 3973; x_wconf 81' lang='lat' dir='ltr'>fuerim</span> <span class='ocrx_word' id='word_1_190' title='bbox 2383 3906 2564 3985; x_wconf 83' lang='lat' dir='ltr'>felix,</span> <span class='ocrx_word' id='word_1_191' title='bbox 2620 3929 2741 3994; x_wconf 92' lang='lat' dir='ltr'>pro</span> 
     </span>
     <span class='ocr_line' id='line_1_28' title="bbox 626 4008 2742 4096; baseline 0.001 -22"><span class='ocrx_word' id='word_1_192' title='bbox 626 4009 823 4076; x_wconf 88' lang='lat' dir='ltr'>modo</span> <span class='ocrx_word' id='word_1_193' title='bbox 862 4010 1177 4096; x_wconf 87' lang='lat' dir='ltr'>temporis</span> <span class='ocrx_word' id='word_1_194' title='bbox 1232 4008 1437 4077; x_wconf 88' lang='lat' dir='ltr'>didici</span> <span class='ocrx_word' id='word_1_195' title='bbox 1485 4017 1555 4077; x_wconf 86' lang='lat' dir='ltr'>et</span> <span class='ocrx_word' id='word_1_196' title='bbox 1600 4032 1779 4077; x_wconf 87' lang='lat' dir='ltr'>nunc</span> <span class='ocrx_word' id='word_1_197' title='bbox 1823 4032 1963 4077; x_wconf 80' lang='lat' dir='ltr'>esse</span> <span class='ocrx_word' id='word_1_198' title='bbox 2009 4009 2266 4087; x_wconf 82' lang='lat' dir='ltr'>infelix,</span> <span class='ocrx_word' id='word_1_199' title='bbox 2313 4032 2434 4078; x_wconf 91' lang='lat' dir='ltr'>nec</span> <span class='ocrx_word' id='word_1_200' title='bbox 2483 4011 2742 4077; x_wconf 81' lang='lat' dir='ltr'>felicius</span> 
     </span>
     <span class='ocr_line' id='line_1_29' title="bbox 629 4110 2741 4199; baseline 0.002 -24"><span class='ocrx_word' id='word_1_201' title='bbox 629 4116 731 4175; x_wconf 80' lang='lat' dir='ltr'>est</span> <span class='ocrx_word' id='word_1_202' title='bbox 778 4110 1033 4177; x_wconf 79' lang='lat' dir='ltr'>infelici</span> <span class='ocrx_word' id='word_1_203' title='bbox 1087 4131 1287 4196; x_wconf 90' lang='lat' dir='ltr'>quam</span> <span class='ocrx_word' id='word_1_204' title='bbox 1362 4133 1553 4177; x_wconf 89' lang='lat' dir='ltr'>nosse</span> <span class='ocrx_word' id='word_1_205' title='bbox 1606 4116 1854 4178; x_wconf 79' lang='lat' dir='ltr'>sortem</span> <span class='ocrx_word' id='word_1_206' title='bbox 1903 4132 2106 4178; x_wconf 82' lang='lat' dir='ltr'>suam.</span> <span class='ocrx_word' id='word_1_207' title='bbox 2200 4112 2527 4179; x_wconf 68' lang='lat' dir='ltr'>Praeterea</span> <span class='ocrx_word' id='word_1_208' title='bbox 2581 4134 2741 4199; x_wconf 91' lang='lat' dir='ltr'>quo-</span> 
     </span>
     <span class='ocr_line' id='line_1_30' title="bbox 628 4208 2742 4295; baseline 0.001 -21"><span class='ocrx_word' id='word_1_209' title='bbox 628 4210 823 4275; x_wconf 89' lang='lat' dir='ltr'>modo</span> <span class='ocrx_word' id='word_1_210' title='bbox 898 4209 1123 4295; x_wconf 88' lang='lat' dir='ltr'>potuit</span> <span class='ocrx_word' id='word_1_211' title='bbox 1141 4208 1169 4247; x_wconf 82' lang='lat'><strong>⁴</strong></span> <span class='ocrx_word' id='word_1_212' title='bbox 1244 4230 1539 4295; x_wconf 88' lang='lat' dir='ltr'>unquam</span> <span class='ocrx_word' id='word_1_213' title='bbox 1620 4232 1663 4275; x_wconf 99' lang='lat' dir='ltr'>a</span> <span class='ocrx_word' id='word_1_214' title='bbox 1742 4210 2061 4275; x_wconf 90' lang='lat' dir='ltr'>memoria</span> <span class='ocrx_word' id='word_1_215' title='bbox 2129 4217 2354 4276; x_wconf 88' lang='lat' dir='ltr'>vestra</span> <span class='ocrx_word' id='word_1_216' title='bbox 2423 4212 2742 4291; x_wconf 83' lang='lat' dir='ltr'>excidere,</span> 
     </span>
     <span class='ocr_line' id='line_1_31' title="bbox 629 4306 2742 4401; baseline 0.002 -24"><span class='ocrx_word' id='word_1_217' title='bbox 629 4312 823 4398; x_wconf 89' lang='lat' dir='ltr'>quod,</span> <span class='ocrx_word' id='word_1_218' title='bbox 888 4312 1216 4398; x_wconf 87' lang='lat' dir='ltr'>petitione</span> <span class='ocrx_word' id='word_1_219' title='bbox 1282 4311 1536 4377; x_wconf 86' lang='lat' dir='ltr'>domini</span> <span class='ocrx_word' id='word_1_220' title='bbox 1602 4312 1775 4399; x_wconf 87' lang='lat' dir='ltr'>regis</span> <span class='ocrx_word' id='word_1_221' title='bbox 1837 4306 2238 4380; x_wconf 84' lang='lat' dir='ltr'>Francorum</span> <span class='ocrx_word' id='word_1_222' title='bbox 2305 4314 2378 4378; x_wconf 93' lang='lat' dir='ltr'>in</span> <span class='ocrx_word' id='word_1_223' title='bbox 2447 4314 2742 4401; x_wconf 85' lang='lat' dir='ltr'>virgulto</span> 
     </span>
     <span class='ocr_line' id='line_1_32' title="bbox 628 4412 2742 4502; baseline 0.002 -22"><span class='ocrx_word' id='word_1_224' title='bbox 628 4436 748 4480; x_wconf 82' lang='lat' dir='ltr'>suo</span> <span class='ocrx_word' id='word_1_225' title='bbox 808 4413 991 4500; x_wconf 85' lang='lat' dir='ltr'>apud</span> <span class='ocrx_word' id='word_1_226' title='bbox 1068 4412 1549 4493; x_wconf 60' lang='lat' dir='ltr'>Aurelianum?</span> <span class='ocrx_word' id='word_1_227' title='bbox 1626 4420 1952 4502; x_wconf 71' lang='lat' dir='ltr'>praesente</span> <span class='ocrx_word' id='word_1_228' title='bbox 2021 4417 2260 4483; x_wconf 74' lang='lat' dir='ltr'>comite</span> <span class='ocrx_word' id='word_1_229' title='bbox 2339 4412 2742 4497; x_wconf 83' lang='lat' dir='ltr'>Theobald0‚</span> 
     </span>
    </p>
   </div>
   <div class='ocr_carea' id='block_1_6' title="bbox 644 4566 709 4577">
    <p class='ocr_par' dir='ltr' id='par_1_7' title="bbox 644 4566 709 4577">
     <span class='ocr_line' id='line_1_33' title="bbox 644 4566 709 4577; baseline 0 0"><span class='ocrx_word' id='word_1_230' title='bbox 644 4566 709 4577; x_wconf 66' lang='lat' dir='ltr'>-ut</span> 
     </span>
    </p>
   </div>
   <div class='ocr_carea' id='block_1_7' title="bbox 712 4567 1164 4576">
    <p class='ocr_par' dir='ltr' id='par_1_8' title="bbox 712 4567 1164 4576">
     <span class='ocr_line' id='line_1_34' title="bbox 712 4567 1164 4576; baseline 0 1224"><span class='ocrx_word' id='word_1_231' title='bbox 712 4567 1164 4576; x_wconf 95' lang='lat' dir='ltr'> </span> 
     </span>
    </p>
   </div>
   <div class='ocr_carea' id='block_1_8' title="bbox 1167 4570 1564 4578">
    <p class='ocr_par' dir='ltr' id='par_1_9' title="bbox 1167 4570 1564 4578">
     <span class='ocr_line' id='line_1_35' title="bbox 1167 4570 1564 4578; baseline 0 1222"><span class='ocrx_word' id='word_1_232' title='bbox 1167 4570 1564 4578; x_wconf 95' lang='lat' dir='ltr'> </span> 
     </span>
    </p>
   </div>
   <div class='ocr_carea' id='block_1_9' title="bbox 1574 4569 2734 4579">
    <p class='ocr_par' dir='ltr' id='par_1_10' title="bbox 1574 4569 2734 4579">
     <span class='ocr_line' id='line_1_36' title="bbox 1574 4569 2734 4579; baseline 0.002 -2"><span class='ocrx_word' id='word_1_233' title='bbox 1574 4570 1758 4577; x_wconf 44' lang='grc' dir='ltr'>ψ...-</span> <span class='ocrx_word' id='word_1_234' title='bbox 1792 4572 1867 4577; x_wconf 69' lang='lat'>---</span> <span class='ocrx_word' id='word_1_235' title='bbox 1897 4571 2070 4577; x_wconf 75' lang='lat'><strong>—-———-</strong></span> <span class='ocrx_word' id='word_1_236' title='bbox 2099 4572 2220 4577; x_wconf 75' lang='lat'><em>--.--</em></span> <span class='ocrx_word' id='word_1_237' title='bbox 2238 4572 2253 4577; x_wconf 78' lang='lat'>-</span> <span class='ocrx_word' id='word_1_238' title='bbox 2294 4569 2515 4578; x_wconf 62' lang='lat'><strong>-.—----———</strong></span> <span class='ocrx_word' id='word_1_239' title='bbox 2543 4572 2734 4579; x_wconf 71' lang='lat'><em>-——.-.—-</em></span> 
     </span>
    </p>
   </div>
   <div class='ocr_carea' id='block_1_10' title="bbox 699 4638 2310 4859">
    <p class='ocr_par' dir='ltr' id='par_1_11' title="bbox 699 4638 2310 4859">
     <span class='ocr_line' id='line_1_37' title="bbox 699 4638 2155 4708; baseline 0.003 -19"><span class='ocrx_word' id='word_1_240' title='bbox 699 4638 717 4672; x_wconf 87' lang='lat'><strong>¹</strong></span> <span class='ocrx_word' id='word_1_241' title='bbox 753 4638 1117 4705; x_wconf 68' lang='grc' dir='ltr'>ιωαπςσὶἰοτιηι,</span> <span class='ocrx_word' id='word_1_242' title='bbox 1140 4642 1197 4690; x_wconf 91' lang='grc' dir='ltr'>Ζ.</span> <span class='ocrx_word' id='word_1_243' title='bbox 1236 4644 1243 4651; x_wconf 90' lang='grc'><strong>’</strong></span> <span class='ocrx_word' id='word_1_244' title='bbox 1808 4642 1831 4674; x_wconf 85' lang='lat'><strong>⁴</strong></span> <span class='ocrx_word' id='word_1_245' title='bbox 1857 4642 2064 4708; x_wconf 74' lang='lat' dir='ltr'>poterit,</span> <span class='ocrx_word' id='word_1_246' title='bbox 2089 4644 2155 4695; x_wconf 94' lang='grc' dir='ltr'>Ο.</span> 
     </span>
     <span class='ocr_line' id='line_1_38' title="bbox 700 4718 2310 4783; baseline 0.002 -14"><span class='ocrx_word' id='word_1_247' title='bbox 700 4720 722 4753; x_wconf 83' lang='lat'>²</span> <span class='ocrx_word' id='word_1_248' title='bbox 756 4720 1016 4779; x_wconf 74' lang='lat' dir='ltr'>continuit,</span> <span class='ocrx_word' id='word_1_249' title='bbox 1042 4720 1108 4780; x_wconf 86' lang='lat' dir='ltr'>V,</span> <span class='ocrx_word' id='word_1_250' title='bbox 1134 4718 1187 4769; x_wconf 86' lang='lat' dir='ltr'>Z.</span> <span class='ocrx_word' id='word_1_251' title='bbox 1808 4723 1828 4753; x_wconf 83' lang='lat'>⁵</span> <span class='ocrx_word' id='word_1_252' title='bbox 1866 4720 2219 4783; x_wconf 75' lang='lat' dir='ltr'>Auech&#39;aumn,</span> <span class='ocrx_word' id='word_1_253' title='bbox 2244 4722 2310 4773; x_wconf 85' lang='lat' dir='ltr'>L.</span> 
     </span>
     <span class='ocr_line' id='line_1_39' title="bbox 700 4796 973 4859; baseline -0.007 -10"><span class='ocrx_word' id='word_1_254' title='bbox 700 4799 722 4833; x_wconf 78' lang='lat'><strong>³</strong></span> <span class='ocrx_word' id='word_1_255' title='bbox 760 4796 879 4859; x_wconf 76' lang='lat' dir='ltr'>tale,</span> <span class='ocrx_word' id='word_1_256' title='bbox 907 4799 973 4850; x_wconf 90' lang='lat' dir='ltr'>O.</span> 
     </span>
    </p>
   </div>
  </div>
 </body>
</html>
