3634 5800
620 853 750 906 Aa).
788 836 1013 924 1173]
1513 852 1874 905 lmsroLAE.
2599 840 2726 903 545

620 1055 785 1117 muS,
862 1039 949 1103 ad
1023 1039 1435 1105 audientiam
1511 1044 1806 1105 nostram
1900 1036 2158 1127 perlata
2233 1036 2532 1116 fuissent,
2609 1056 2722 1101 ex-

618 1138 1065 1223 spectavimus
1130 1143 1357 1205 tamen
1432 1138 1888 1203 testimonium
1964 1142 2278 1215 vestrum,
2353 1141 2432 1201 ut
2505 1136 2578 1199 in
2645 1156 2722 1201 eo

612 1241 1060 1307 canonizando
1128 1240 1400 1306 liberius
1465 1261 1807 1325 possemus
1870 1239 2242 1325 procedere,
2305 1259 2454 1304 cum
2521 1258 2718 1323 super

612 1340 1024 1407 mirabilibus
1092 1342 1280 1407 illius
1334 1342 1545 1407 sancti
1614 1341 1743 1405 viri
1812 1361 1930 1426 per
1993 1362 2113 1405 vos
2178 1361 2300 1405 nos
2364 1338 2718 1425 contigerit

608 1441 755 1514 fieri
822 1444 1142 1511 certiores,
1262 1444 1515 1509 Habito
1578 1444 1805 1529 itaque
1874 1442 2258 1507 testimonio
2335 1440 2712 1505 litterarum
2742 1428 2863 1479 Feb.
2889 1434 2971 1481 ²¹·

609 1550 995 1622 vestrarum,
1062 1546 1135 1609 in
1197 1545 1415 1630 capite
1482 1545 1743 1631 jejunii,
1770 1582 1779 1592 ·
1811 1543 2252 1609 multitudine
2317 1541 2706 1608 clericorum

612 1644 685 1708 in
729 1646 999 1712 ecclesia
1027 1647 1441 1725 consistente,
1472 1646 1663 1711 illum
1708 1649 2014 1713 sanctum
2045 1645 2402 1712 solenniter
2446 1646 2714 1711 canoni-

608 1747 921 1826 zavimus,
997 1770 1275 1833 eumque
1339 1749 1621 1835 glorioso
1697 1753 2074 1834 martyrum
2145 1747 2420 1834 collegio
2483 1748 2702 1813 decre-

610 1849 827 1914 vimus
872 1850 1429 1917 conscribendum.
1521 1850 1850 1931 Quoniam
1896 1850 2104 1936 igitur
2147 1870 2345 1935 super
2411 1849 2536 1916 hoc
2579 1872 2716 1916 non

610 1950 821 2015 solum
866 1953 1153 2019 ecclesiae
1216 1953 1621 2040 Anglicanae,
1686 1953 1801 2019 sed
1859 1957 1944 2017 et
2005 1951 2168 2038 ipsis
2234 1952 2502 2037 regibus
2565 1953 2710 2039 ipsa

608 2053 854 2139 scripta
928 2054 1291 2141 dirigimus,
1368 2061 1605 2121 vestrae
1682 2053 2064 2120 discretioni
2161 2054 2552 2119 mandamus
2627 2060 2708 2121 ut

610 2158 835 2222 eadem
897 2158 1159 2242 scripta,
1230 2179 1345 2243 per
1419 2180 1537 2224 vos
1603 2158 1779 2244 ipsos
1811 2166 1824 2176 '
1841 2158 1897 2222 si
1960 2156 2104 2221 fieri
2167 2162 2391 2243 potest
2457 2157 2702 2223 eisdem

607 2262 871 2345 regibus
915 2260 1281 2345 assignetiS,
1325 2265 1395 2325 et
1438 2260 1683 2346 scripta
1747 2280 1898 2345 quae
1961 2258 2301 2325 monachis
2347 2259 2702 2327 Cantuari-

608 2362 874 2425 ensibus
950 2366 1017 2427 et
1092 2360 1375 2427 ecclesiae
1450 2362 1836 2447 Anglicanae
1917 2360 2288 2447 gdirigimus
2383 2363 2708 2449 assignari

609 2462 881 2529 faciatis,
973 2462 1152 2529 Data
1198 2462 1447 2549 Signiae
1492 2463 1580 2529 vi.
1630 2463 1726 2527 Id.
1778 2462 2026 2529 Martii.

1384 2868 1938 2938 DCCLXXXIV.

841 3021 1284 3086 ALEXANDER
1329 3035 1509 3087 PAPA
1554 3037 1893 3088 CAH-runo
1939 3021 2477 3088 CANTUARIENSI.

897 3172 993 3232 (Δ.
1017 3177 1143 3232 359ς
1183 3174 1243 3225 C.
1268 3177 1403 3232 2453
1442 3173 1506 3225 Ο.
1527 3171 1578 3222 ii.
1607 3177 1737 3234 1333
1772 3172 1828 3222 Z.
1853 3188 1902 3222 v.
1929 3173 2024 3232 9¹73
2059 3171 2192 3235 Lup.
2216 3186 2267 3221 v.
2292 3172 2402 3231 92.)

692 3295 1072 3363 Alexander
1136 3299 1493 3384 episcopm,
1558 3321 1785 3364 servus
1851 3320 2188 3365 servorum
2252 3297 2396 3376 Dei,
2445 3296 2702 3364 dilectis
2729 3287 2912 3340 March
2939 3294 3016 3342 ¹²·

603 3395 759 3461 filiis
803 3399 1009 3482 priori
1054 3405 1123 3465 et
1166 3400 1503 3468 monachis
1534 3398 2029 3466 Cantuariensis
2077 3400 2377 3479 ecclesiae,
2423 3397 2704 3466 salutem

604 3502 673 3562 et
714 3500 1139 3584 apostolicam
1182 3501 1721 3568 benedictionem.

694 3599 1133 3668 Gaudendum
1180 3608 1281 3668 est
1332 3603 1759 3668 universitati
1805 3603 2101 3668 fidelium
2149 3603 2230 3669 de
2289 3603 2701 3670 mirabilibus
2726 3591 3009 3710 Ξζξοὲω·

602 3700 783 3766 illius
801 3700 824 3740 1
889 3703 1101 3771 sancti
1176 3709 1246 3770 et
1320 3704 1665 3770 reverendi
1710 3704 1841 3769 viri
1917 3704 2184 3771 Thomae
2262 3706 2622 3791 [quondam
2641 3705 2698 3796 ²]
2723 3726 2962 3778 Thomas.

602 3803 1073 3893 archiepiscopi
1120 3807 1341 3872 vestri.
1434 3805 1569 3872 Sed
1614 3828 1733 3874 vos
1802 3805 2042 3872 exinde
2067 3805 2094 3845 ³
2154 3813 2346 3874 tanto
2390 3809 2696 3896 ampliori

600 3908 843 3993 gaudio
888 3907 1143 3973 debetis
1175 3908 1617 3975 exsultatione
1662 3906 1921 3993 repleri,
1949 3914 2200 3994 quanto
2245 3910 2452 3997 ipsius
2499 3911 2699 3977 mira·

598 4008 749 4075 cula
792 4008 1053 4075 oculata
1098 4008 1227 4074 fide
1272 4010 1513 4096 saepius
1558 4009 1927 4088 intuemini,
1960 4015 2028 4076 et
2073 4011 2215 4097 ejus
2260 4011 2697 4079 sacratissimo

598 4129 867 4196 corpore
940 4109 1212 4176 ecclesia
1304 4115 1528 4176 vestra
1601 4111 1948 4197 specialius
2024 4113 2267 4179 meruit
2357 4114 2694 4182 illustrari.

600 4211 741 4278 Nos
785 4216 1030 4291 autem,
1103 4212 1520 4279 considerata
1584 4213 1795 4300 gloria
1862 4214 2248 4282 meritorum
2313 4218 2550 4303 quibus
2618 4221 2693 4287 in

665 4440 683 4472 ι
716 4439 895 4507 ἱΡςῑω,
920 4439 985 4491 0,
1683 4438 1801 4490 inde
1836 4445 1980 4490 tanto
2007 4442 2244 4509 ampliori
2277 4445 2468 4508 ,σαιιᾱίο
2503 4447 2692 4500 debetis

660 4519 683 4551 ²
714 4517 981 4583 quondam,
1002 4517 1075 4578 ῦς
1111 4533 1211 4568 om.
1235 4517 1296 4568 L.
1686 4515 2040 4582 exsultatione,
2077 4520 2159 4584 03
2200 4522 2253 4572 A
2287 4522 2332 4574 is
2369 4539 2428 4575 as
2448 4525 2534 4577 the
2563 4533 2690 4588 text,

658 4597 682 4631 ⁸
716 4615 745 4648 e
800 4603 937 4646 tanto
977 4595 1212 4662 ampliori
1254 4595 1459 4661 quadiu,
1515 4596 1595 4659 03
1684 4597 1779 4647 but
1822 4597 1947 4649 with
1993 4598 2300 4652 exhibitione
2343 4602 2424 4655 for
2467 4605 2692 4657 exsulta-

590 4675 773 4726 exinde
816 4674 1053 4740 ampliori
1089 4675 1219 4724 tanti
1264 4675 1444 4739 qaudii
1480 4711 1493 4725 .
1530 4711 1545 4727 .
1582 4711 1596 4726 .
1688 4677 1834 4728 tione.

591 4753 890 4806 exhibitione
924 4751 1218 4816 (exilitione,
1258 4753 1361 4815 V),
1396 4755 1477 4814 113
1512 4769 1601 4804 ez·-

759 4849 793 4883 0
864 4835 1041 4885 12478.
2266 4861 2322 4908 Μ
2367 4861 2422 4911 Μ
