3634 5800
596 933 726 990 ΛΑ).
766 921 991 1006 1169]
1486 935 1846 984 ams'romu
2658 919 2695 978 9

594 1121 745 1199 lete,
818 1123 1145 1206 latorique
1223 1121 1669 1208 praesentium,
1747 1121 1806 1185 si
1883 1120 2118 1204 placet,
2195 1119 2394 1184 fldem
2458 1117 2698 1184 habete

597 1245 791 1312 super
835 1224 940 1288 his
986 1245 1135 1308 quae
1178 1224 1369 1290 vobis
1413 1246 1499 1290 ex
1543 1228 1733 1310 parte
1778 1227 2006 1288 nostra
2045 1220 2307 1308 plenius
2353 1219 2512 1285 viva
2539 1240 2700 1286 voce

597 1325 1029 1390 intimaverit.

1291 1543 1982 1554 --———-———-———.—-—

1454 1709 1836 1776 DXXXIV.

718 1859 1015 1926 Tnoms
1060 1858 1622 1926 CAN-mmmmm
1668 1873 2256 1924 ARCHIEPISOOPUS
2301 1873 2577 1922 omnam

1533 1977 1764 2028 Ammo,

1124 2118 1218 2176 (0.
1242 2113 1273 2164 i.
1294 2119 1392 2176 8⁴3
1428 2117 1558 2178 Lup.
1584 2113 1653 2165 iii.
1684 2119 1778 2174 ¹83
1813 2113 2000 2165 Thom.
2031 2117 2167 2174 176.)

692 2244 989 2320 Thomas,
1076 2244 1205 2310 Dei
1291 2245 1509 2331 gratia
1584 2245 2083 2311 Cantuariensis
2158 2243 2698 2332 archiepiscopus,

603 2345 843 2412 dilecto
887 2368 1007 2411 suo
1062 2346 1123 2409 N
1177 2398 1188 2410 .
1238 2395 1253 2412 .
1305 2397 1319 2410 .
1364 2347 1647 2412 salutem
1714 2351 1785 2412 et
1851 2348 2120 2412 sincerae
2168 2345 2536 2413 dilectionis
2599 2345 2700 2410 af-

602 2445 895 2513 fectum.1
2301 2515 2306 2520 .

692 2549 759 2614 N
762 2556 942 2615 oscat
986 2549 1252 2619 dilectio
1296 2557 1419 2616 tua
1478 2573 1617 2628 nos,
1664 2551 1918 2618 Divina
1981 2553 2256 2616 favente
2316 2550 2552 2637 gratia,
2597 2572 2700 2618 sa-

601 2673 719 2718 nos
751 2657 821 2718 et
863 2651 1238 2730 incolumes,
1270 2659 1339 2718 et
1383 2653 1605 2718 omnia
1636 2653 1775 2720 fore
1821 2673 2146 2740 prospera.
2225 2652 2327 2717 De
2371 2658 2508 2718 tuae
2553 2653 2701 2737 qui-

602 2755 751 2820 dem
797 2753 1171 2819 dilectionis
1234 2753 1613 2820 sinceritate
1658 2756 2016 2821 admodum
2085 2754 2452 2840 plenariam
2521 2775 2702 2839 spem

604 2856 979 2922 obtinentes
1041 2861 1240 2943 atque
1303 2855 1631 2934 fiduciam,
1707 2858 1834 2923 tibi
1910 2857 2300 2923 mandamus
2375 2861 2704 2943 quatenus

604 2980 720 3044 per
764 2958 1039 3024 latorem
1084 2960 1513 3044 praesentium
1542 2961 1651 3026 vel
1698 2982 1814 3046 per
1859 2960 2064 3025 alium
2110 2980 2259 3045 quae
2305 2960 2500 3024 matri
2549 2964 2702 3035 tuae,

606 3066 848 3127 sanctus
920 3060 1384 3127 cantuariensi
1448 3062 1754 3139 eeclesiae,
1799 3066 1870 3127 et
1937 3061 2142 3138 nobis,
2191 3059 2539 3127 sollicitius
2603 3062 2704 3126 in·-

605 3162 885 3249 quirens,
948 3165 1211 3229 noveris
1278 3165 1605 3250 expedire,
1675 3164 1922 3248 absque
1993 3163 2311 3230 dilatione
2381 3163 2704 3229 maturius

608 3286 911 3349 procures
956 3265 1342 3351 significare.

1478 3656 1817 3722 DXXXV.

653 3808 699 3873 J
702 3825 975 3875 oANNEs
1022 3798 1610 3876 Sinssnsmmsm
1656 3828 2058 3876 convENTm
2107 3810 2652 3876 CANTUARIENSI.

952 3964 1046 4027 (Ο.
1077 3962 1110 4013 i.
1144 3968 1240 4022 853
1280 3964 1337 4011 Z.
1364 3962 1434 4017 iii.
1464 3968 1556 4022 193
1594 3962 1721 4026 Lup.
1749 3962 1826 4012 iii.
1857 3967 1947 4022 195
1986 3962 2068 4014 J0.
2095 3964 2206 4014 Sar.
2233 3966 2373 4025 289.)

696 4092 922 4170 Doleo,
969 4092 1397 4170 dilectissimi,
1445 4097 1514 4158 et
1578 4093 1932 4158 admodum
1995 4094 2182 4159 doleo
2248 4094 2320 4158 in
2384 4094 2489 4158 his
2557 4115 2706 4179 quae
2731 4108 2946 4161 Dissen-

608 4198 690 4261 de
734 4202 960 4263 vestra
1004 4196 1423 4261 fraternitate
1470 4196 1651 4263 dicta
1694 4201 1854 4260 sunt
1915 4196 2098 4271 mihi,
2145 4196 2459 4281 quoniam
2504 4196 2706 4262 schis-
2731 4177 2916 4308 ζξζζε
2937 4242 3024 4294 the

608 4303 792 4365 mata
836 4299 911 4363 in
954 4298 1143 4363 vobis
1188 4303 1363 4376 sunt,
1413 4304 1492 4363 ut
1534 4319 1670 4364 non
1716 4298 1892 4363 idem
1953 4298 2260 4364 sentiatis
2303 4303 2426 4363 aut
2469 4298 2707 4365 dicatis
2731 4308 2928 4361 monks.

607 4401 679 4465 in
722 4400 1026 4467 Domino.
1124 4398 1298 4465 Nam
1348 4402 1455 4485 (ut
1500 4401 1694 4465 aiunt
1747 4399 1864 4485 qui
1907 4400 2472 4466 conversationem
2489 4398 2516 4439 ²
2560 4423 2706 4467 ves-

606 4508 780 4571 tram
824 4502 1214 4567 familiarius
1260 4502 1625 4587 inspexisse
1668 4506 1741 4565 et
1796 4502 2238 4587 perspicacius
2299 4502 2706 4569 intellexisse

468 4682 477 4689 ι
607 4604 994 4685 creduntur)
1062 4604 1233 4668 alius
1296 4609 1593 4669 vestrum
1657 4604 1840 4681 dicit,
1909 4604 2048 4690 Ego
2111 4626 2261 4669 sum
2325 4606 2519 4691 regis,
2585 4627 2707 4691 ego

678 4830 693 4861 ¹
741 4828 950 4879 Thomas
989 4866 1001 4877 .
1038 4866 1050 4878 .
1090 4866 1101 4878 .
1136 4829 1388 4894 affectum,
1411 4845 1510 4881 om.
1538 4836 1603 4881 υ.
1649 4828 1657 4896 Ι
1766 4832 1787 4863 ‘²
1823 4833 2199 4893 conversionem,
2223 4834 2277 4883 Z.
