3634 5800
1528 903 1901 958 comum

692 1149 816 1206 618.
858 1149 897 1206 J
898 1164 1118 1206 oannes
1185 1144 1646 1206 Saresberiensis
1720 1144 2039 1202 conventui
2112 1141 2620 1202 cantuariensi.-
2688 1227 2791 1283 189

2589 1354 2614 1368 -
2685 1324 2785 1380 191

2592 1467 2612 1478 -
2689 1435 2790 1490 192

899 1235 937 1260 “
953 1233 1233 1289 Vestram
1258 1229 1521 1307 saepi11s”

683 1331 805 1386 619.
846 1329 1090 1386 Amicus
1115 1327 1321 1384 amico.
1326 1329 1413 1370 -‘
1424 1324 1711 1382 ‘Difficile
1735 1324 1884 1380 εει-Ν

684 1439 807 1500 620.
843 1438 1137 1496 Vivianus
1162 1438 1236 1495 ad
1262 1436 1567 1492 Thomam.
1569 1440 1660 1480 —-‘
1667 1435 1783 1492 ‘Ut
1806 1453 1940 1491 cum
1967 1435 2256 1491 domino”

685 1545 829 1604 621.
850 1547 1154 1606 Gilbertus
1214 1544 1646 1604 Londoniensis
1718 1545 2031 1616 episcopus
2105 1543 2180 1602 ad
2267 1543 2616 1616 magistrum

899 1631 1111 1690 David.
1116 1632 1204 1673 -‘
1216 1630 1393 1700 ‘Quoe
1420 1637 1617 1690 vestre,
1641 1627 1846 1682 mihi⁹⁹
2107 1657 2135 1670 ·

634 1779 647 1788 -
689 1743 811 1800 622.
849 1742 1061 1798 Petrus
1109 1738 1413 1846 Bleserisis
1474 1737 1551 1796 ad
1610 1734 1932 1794 familiares
1993 1737 2252 1792 Thomas.
2255 1737 2344 1782 --‘
2351 1735 2616 1792 ‘Doletis

924 1823 1315 1880 ‘causamini’
1395 1855 1418 1868 -
2116 1851 2140 1868 .
2356 1852 2376 1866 .

686 1925 809 1982 623.
848 1921 1183 1980 Alexander
1246 1939 1400 1994 papa
1456 1853 1715 1975 Bon-odo
1776 1917 2244 1990 Bothomagensi
2301 1918 2615 1990 arehiepis-

898 2023 1043 2078 copo
1092 2011 1153 2061 et
1194 2003 1495 2060 Ber-nardo
1536 2004 1898 2060 Nivernensi
1937 2002 2228 2074 episcopo.
2231 2005 2321 2044 —‘
2332 2001 2612 2058 ‘Carissi-

925 2093 1113 2146 ‘mus
1140 2089 1201 2144 in
1226 2087 1523 2144 christ&

689 2187 812 2245 624.
850 2186 1181 2242 Alexander
1246 2203 1399 2260 papa
1457 2183 1721 2242 Rotrodo
1768 2183 2231 2254 Rothomagensi
2306 2183 2620 2254 archiepis-

904 2287 1139 2343 copo.-—
1143 2267 1489 2338 “Quoniam
1514 2269 1587 2325 de
1612 2267 1920 2343 persona’⁹
2120 2300 2142 2315 ·
2358 2299 2381 2314 ·

691 2367 813 2424 625.
851 2365 1185 2424 Alexander
1246 2366 1406 2438 Papa
1456 2363 1758 2420 Bernardo
1831 2361 2190 2418 Nivernensi
2252 2362 2538 2436 episcope.
2547 2395 2620 2406 -

904 2449 1251 2521 “Quoniam
1276 2448 1349 2504 de
1374 2447 1743 2522 prudenna”
1880 2478 1901 2492 -
2118 2477 2138 2490 ·

690 2545 812 2600 626.
850 2543 1185 2601 Alexander
1224 2560 1376 2617 papa
1398 2541 1659 2598 Henrico
1695 2540 1822 2614 regi
1861 2537 2236 2612 Angliaest—
2255 2539 2469 2596 Dileoti
2514 2539 2620 2596 filii

905 2627 1199 2682 “nostri'’
2121 2656 2141 2670 .
2359 2656 2377 2668 .
2598 2657 2617 2670 .

690 2721 814 2777 627.
853 2719 1184 2777 Alexander
1231 2737 1385 2792 papa
1432 2717 1507 2774 ad
1557 2717 1889 2776 Gilbertum
1946 2717 2416 2774 Londoniensem
2473 2720 2622 2792 epis·

903 2806 1248 2875 copum.—“
1271 2802 1438 2880 Quod
1466 2802 1574 2858 tibi
1600 2800 1671 2878 ad
1699 2819 1962 2873 praesens
1987 2801 2024 2827 ⁹⁹
2082 2865 2091 2872 ‚
2123 2835 2143 2846 -

694 2904 815 2959 628.
853 2902 1187 2961 Alexander
1212 2902 1675 2973 Rothomagensi
1714 2899 2153 2973 archiepiscopo
2187 2908 2250 2957 et
2273 2899 2622 2957 Nivernensi

906 2987 1314 3061 episcopm—‘⁴
1338 2986 1627 3057 Quoniam
1651 2984 1725 3039 de
1748 2993 1962 3041 vestrae
1981 2985 2016 3007 ’⁹

692 3084 816 3140 629.
855 3083 1189 3142 Alexander
1248 3100 1402 3155 papa
1461 3081 1737 3139 omnibus
1802 3079 2244 3139 cantuariensis
2305 3081 2624 3151 provincias

906 3166 1208 3239 episcopis.
1212 3169 1301 3210 -‘
1310 3166 1615 3223 ‘Noverit
1629 3165 1920 3222 industria
1953 3162 2200 3221 που-Μ’

694 3265 816 3319 630.
856 3260 1189 3319 Alexander
1238 3278 1392 3335 papa
1450 3260 1830 3327 Eboracensi,
1897 3259 2300 3325 Dunelmensi,
2351 3265 2413 3315 et
2467 3260 2627 3317 clero

906 3363 1126 3402 eorum.
1138 3374 1191 3385 *—
1206 3344 1522 3401 “Noverit
1546 3345 1844 3401 industria
1867 3343 2117 3401 veswa”
2367 3376 2389 3391 -

695 3447 817 3503 631.
856 3441 1191 3499 Alexander
1227 3458 1379 3515 papa.
1402 3441 1665 3497 Rotrodo
1702 3442 2165 3513 Rothomagensi
2192 3442 2629 3517 archiepiscopo

906 3534 967 3582 et.
1020 3525 1325 3583 Bernardo
1370 3527 1730 3583 Hivernensi
1782 3527 2200 3599 episcop0.—“
2227 3526 2516 3595 Quoniam
2565 3530 2626 3585 in

891 3636 901 3643 ·
933 3610 1123 3667 ‘aliis
1167 3610 1438 3666 litteris’⁹

696 3710 819 3767 632.
856 3706 1191 3816 Alexander
1232 3724 1385 3779 papa
1408 3706 1648 3761 Thomoe
1674 3716 1736 3763 et
1758 3706 2031 3763 omnibus
2058 3706 2348 3781 episcopis
2373 3707 2622 3779 Angliae.

911 3794 999 3833 —-‘
1010 3791 1136 3845 ‘Ex
1164 3790 1459 3846 commissi
1485 3790 1709 3846 nobis⁹⁹
1888 3822 1912 3834 -
2365 3815 2384 3829 ·

700 3875 823 3929 633.
865 3874 1199 3931 Alexander
1260 3892 1411 3947 papa
1462 3874 1722 3945 Bogerio
1770 3874 2126 3930 Ebot-acensi
2193 3874 2626 3949 archiepiscopo

912 3964 973 4014 et
1033 3958 1327 4015 universis
1393 3958 1699 4068 episcopis
1760 3957 2012 4030 Angliae.
2033 3992 2104 4003 -
2126 3958 2488 4027 “Quoniam
2551 3961 2626 4015 ad

914 4046 951 4069 ‘⁶
992 4040 1410 4099 audientiam”

698 4142 821 4197 634.
859 4138 1196 4195 Alexander
1242 4156 1397 4211 papa
1442 4138 1769 4195 Turonensi
1820 4140 2262 4214 archiepiscopo
2311 4148 2371 4196 et.
2419 4143 2626 4197 suffra-

896 4223 1109 4295 ganeis
1135 4230 1198 4279 et
1222 4224 1511 4279 oleret—‘⁸
1528 4224 1781 4279 Noverit
1804 4224 2100 4280 industria
2122 4225 2372 4282 vestra”

700 4322 822 4377 635.
861 4319 1195 4375 Alexander
1251 4336 1407 4392 papa
1465 4319 1722 4375 ⁹lhomoe.
1724 4352 1796 4364 --
1817 4318 2000 4374 “Per
2056 4320 2454 4377 venerabilem
2515 4322 2629 4377 fra-

935 4402 1199 4459 ‘⁹⁹trem

699 4501 820 4557 636.
859 4499 1113 4555 Thomas
1156 4498 1453 4555 universis
1496 4497 1998 4555 christifidelibus
2039 4518 2144 4574 per
2178 4500 2458 4573 Angliam
2497 4519 2628 4559 con-

914 4584 1143 4641 stitutis
1208 4584 1311 4655 qui
1365 4588 1570 4639 eontra
1615 4581 1919 4639 dominum
1969 4583 2369 4641 Alexandrum
2419 4604 2626 4659 papam

908 4666 1276 4737 juraverant.
1280 4668 1369 4709 —-‘
1376 4666 1635 4722 ‘Sciatis
1660 4666 2008 4722 carissimi”

704 4763 829 4821 637.
866 4762 1453 4893 Thomas'Frogerio
1496 4761 1767 4834 Sagiensi
1793 4764 2080 4837 episcopo.
2084 4766 2177 4811 -‘
2188 4764 2462 4823 ‘Gratias
2487 4786 2630 4842 quas

992 4866 1100 4921 pro
1420 4877 1445 4890 -
2135 4879 2160 4893 .

2695 886 2795 954 vii

2671 1077 2794 1130 ΡΨ

2686 1626 2790 1683 193

2595 1852 2616 1864 -
2692 1821 2794 1874 195

2590 2087 2794 2140 ,198

2598 2299 2619 2312 -
2691 2267 2798 2323 202

2596 2478 2616 2492 ·
2691 2447 2796 2502 203

2600 2804 2800 2859 -208

2602 3018 2622 3030 -
2696 2987 2803 3043 210

2602 3196 2623 3207 -
2697 3167 2802 3221 212

2698 3340 2805 3401 213

2601 3644 2624 3655 -
2697 3614 2804 3671 215

2696 3793 2804 3849 216

2599 4077 2619 4090 -
2691 4045 2802 4100 217

2603 4251 2626 4264 -
2698 4228 2805 4284 218

2603 4439 2622 4450 -
2696 4408 2804 4462 219

2607 4704 2628 4714 -
2700 4674 2808 4728 220

2609 4885 2629 4897 -
2703 4854 2811 4909 224
