3634 5800
850 856 981 918 450
1730 867 2091 919 EPISTOLAE.
2569 850 2731 937 [Α.1).
2768 853 2961 919 1171.

1708 1147 2136 1215 ΒΟΟΧῙΝῙ.

898 1276 1175 1343 Pmus
1233 1275 1604 1341 Buumnm
1664 1274 2340 1340 Gninnmommffls
2397 1288 2780 1342 uomcrms
2838 1292 2936 1339 An

1331 1378 1722 1442 Humuclm
1766 1376 2174 1442 Anonomm
2218 1392 2482 1444 REGEM.

1573 1514 1852 1578 (Mat-tene,
1875 1513 2029 1565 Thes.
2051 1512 2085 1563 i.
2109 1515 2253 1577 562.)

948 1621 1242 1689 Henrico
1308 1621 1679 1707 Anglorum
1745 1621 1886 1709 regi
1930 1620 2348 1707 pauperrimo
2393 1642 2648 1709 pauper
2715 1625 2786 1688 et
2850 1623 2964 1687 de-

858 1724 1109 1790 solatus
1220 1722 1427 1788 frater
1544 1722 1780 1788 Petrus
1877 1722 2218 1801 Bernardi,
2293 1724 2562 1809 exprior
2637 1723 2961 1810 generalis

862 1826 1379 1905 Grandimontis,
1424 1845 1575 1891 suas
1620 1827 1946 1911 lacrymas
1991 1826 2078 1891 ad
2123 1845 2234 1890 cor
2277 1825 2766 1892 emolliendum.

522 1950 635 1999 The
656 1945 797 2015 king·
800 1962 825 1997 s
950 1930 1052 1995 Ut
1118 1927 1629 1994 innumerabilia
1696 1932 1858 1993 sunt
1919 1932 2058 1993 tuae
2134 1926 2507 1993 devotionis
2573 1934 2968 2016 argumenta

524 2018 623 2131 ἔξω
602 2015 738 2131 tgfits
862 2032 962 2098 ita
992 2036 1150 2097 sunt
1179 2030 1662 2107 inenarrabilia,
1695 2029 1754 2094 Ο
1784 2030 2234 2095 illustrissima
2262 2030 2379 2095 sed
2422 2051 2602 2098 nunc
2646 2038 2965 2098 exaurata

524 2148 688 2198 order.
863 2134 1127 2223 Angliae
1156 2153 1395 2198 corona
1439 2133 1627 2218 cujus
1672 2131 1922 2197 decoris
1971 2153 2134 2197 rosae
2180 2131 2603 2213 deciderunt3
2649 2132 2968 2198 nimirum

865 2240 1191 2322 quantum
1234 2234 1454 2301 nescio
1498 2233 1662 2319 quid
1706 2232 2104 2298 immensum
2150 2232 2466 2299 debemus
2510 2234 2656 2313 tibi,
2706 2234 2765 2300 O
2811 2257 2968 2315 rex3

862 2337 1011 2402 ideo
1057 2336 1297 2401 durum
1344 2334 1745 2400 Christianae
1791 2334 2196 2420 reipublicae,
2263 2336 2472 2400 immo
2518 2334 2972 2417 durissimum,

864 2438 1232 2526 praesertim
1277 2437 1486 2515 nobiS,
1548 2438 1780 2503 audire
1827 2442 2021 2503 extra
2065 2436 2285 2502 Deum
2331 2436 2598 2516 factum,
2645 2443 2716 2505 et
2759 2439 2846 2504 ab
2889 2460 2968 2505 eo

863 2541 1231 2629 projectum
1259 2562 1345 2605 ne
1388 2544 1559 2605 esset
1588 2561 1725 2617 rex,
1755 2538 1873 2625 qui
1903 2538 2104 2604 finem
2149 2538 2341 2604 nobis
2391 2540 2563 2605 bona
2591 2540 2967 2607 conferendi

864 2641 1167 2707 invenire
1264 2660 1400 2707 non
1475 2640 1712 2727 potuit,
1787 2640 2034 2725 quique
2132 2640 2205 2704 in
2279 2661 2402 2706 sua
2473 2640 2967 2728 magnificentia

863 2767 1099 2831 parum
1142 2766 1283 2810 esse
1336 2743 1600 2830 judicat
1646 2742 1777 2807 nisi
1823 2742 2188 2807 innumeris
2249 2742 2588 2809 obruendo
2632 2743 2966 2810 beneficiis

863 2846 1544 2922 Grandimontensem,
1604 2842 1963 2930 aliquando
2031 2864 2245 2922 suum,
2290 2844 2608 2930 populum
2663 2850 2969 2912 nostrum

862 2950 1087 3035 potius
1154 2952 1454 3014 oneraret
1500 2967 1699 3032 quam
1769 2951 2050 3012 ornaret.
2142 2945 2454 3024 Tantum,
2498 2947 2790 3033 inquam,
2853 2947 2966 3012 de-

868 3052 1101 3116 bemus
1144 3050 1382 3117 decoro
1427 3046 1844 3134 aliquamdiu
1889 3047 2252 3113 diademati
2295 3052 2415 3115 tuo
2461 3053 2788 3134 quantum
2830 3069 2966 3114 non

863 3153 1163 3218 valemus
1206 3171 1528 3219 enarrare.
1592 3151 1688 3214 At
1718 3148 1881 3235 quid
1927 3147 2053 3213 tibi
2099 3154 2168 3214 et
2211 3149 2486 3216 carmini
2531 3151 2741 3218 huic?
2800 3151 2966 3217 bene

862 3255 1133 3340 quidem
1179 3253 1545 3340 incoepisse,
1590 3257 1665 3318 at
1727 3249 2038 3316 defecisse
2104 3251 2177 3314 in
2237 3250 2352 3318 via
2415 3252 2541 3319 Dei
2603 3253 2964 3340 retrogredi

861 3362 977 3421 est.
1056 3355 1301 3421 Omnes
1347 3355 1464 3441 qui
1508 3353 1745 3418 vident
1787 3351 2112 3438 incipient
2139 3352 2414 3419 illudere
2459 3353 2604 3433 tibi,
2636 3354 2962 3420 dicentes:

859 3467 896 3494 “
918 3460 1053 3526 Hic
1126 3457 1327 3524 homo
1406 3456 1617 3542 coepit
1684 3454 2028 3532 aedificare,
2097 3459 2166 3520 et-
2211 3476 2347 3520 non
2399 3455 2622 3542 potuit
2666 3477 2962 3536 consum-

858 3561 1093 3627 mare.”
1182 3559 1281 3625 At
1324 3558 1489 3645 quid
1531 3557 1790 3623 laudari
1835 3556 1948 3623 hic
1988 3557 2076 3622 ab
2119 3555 2517 3637 hominibuS,
2577 3558 2817 3644 quibus
2847 3559 2962 3646 qui

860 3665 1115 3750 placere
1176 3661 1405 3727 studet
1472 3681 1703 3724 servus
1766 3657 2021 3724 Christi
2083 3678 2220 3724 non
2265 3664 2382 3737 est,
2427 3660 2630 3725 immo
2691 3660 2964 3727 confun-

861 3767 1062 3845 ditur,
1107 3765 1422 3852 quoniam
1489 3762 1672 3827 Deus
1716 3760 1974 3846 sprevit
2039 3780 2210 3841 011111,
2275 3765 2345 3826 et
2406 3762 2479 3824 in
2523 3761 2688 3827 coelo
2734 3785 2775 3828 a
2819 3763 2963 3829 Deo

858 3868 1264 3956 reprobatur,
1338 3887 1381 3932 a
1455 3885 1585 3950 quo
1660 3884 1796 3928 11110
1872 3883 2118 3928 merces
2195 3867 2297 3928 est
2373 3863 2554 3950 operi
2599 3869 2845 3944 nostro,
2892 3870 2960 3930 et

855 3970 1083 4056 gloriae
1128 3989 1367 4034 corona
1434 3967 1515 4031 de
1582 3965 1721 4031 sola
1782 3982 1987 4029 manu
2049 3964 2207 4049 ejus,
2253 3965 2544 4031 animam
2588 3967 2877 4054 separari
2921 3989 2963 4033 a

856 4091 1123 4156 corpore
1172 4068 1435 4133 infirmo
1467 4066 1777 4132 dolemus.
1873 4065 2186 4131 Potestne
2229 4086 2272 4131 a
2315 4064 2458 4132 Deo
2489 4088 2647 4133 vera
2677 4067 2960 4133 hominis

857 4173 1074 4239 forma
1106 4174 1412 4257 separata
1456 4172 1768 4234 manere?
1861 4167 2216 4253 Signatum
2260 4173 2330 4233 et
2375 4169 2738 4256 sigillatum
2766 4191 2961 4256 super

856 4295 975 4341 nos
1020 4274 1246 4338 lumen
1292 4270 1523 4336 vultus
1594 4269 1757 4348 Dei3
1810 4273 2076 4354 peccato
2122 4268 2421 4335 foedatur
2465 4276 2532 4336 et
2576 4271 2962 4336 obscuratur

788 4431 792 4436 .
852 4376 997 4442 haec
1042 4376 1161 4440 lux
1205 4373 1455 4461 gratiae,
1489 4393 1638 4458 quae
1684 4371 1824 4436 sola
1869 4391 2170 4436 serenum
2215 4372 2480 4438 confert,
2575 4371 2961 4440 Excaecatus

854 4478 942 4546 ab
986 4477 1216 4544 aulicis
1265 4475 1617 4540 verborum
1661 4472 1987 4538 lenocinio
2030 4479 2222 4559 pater
2264 4474 2630 4561 praecipitio
2659 4476 2961 4561 proxime

854 4578 1262 4647 collidendus
1308 4581 1426 4654 est,
1495 4575 1823 4661 quomodo
1888 4573 2010 4638 filii
2075 4595 2194 4640 suo
2269 4575 2633 4641 damnabili
2699 4577 2964 4642 silentio

854 4705 1007 4748 eum
1050 4681 1263 4768 perire
1294 4679 1511 4744 sinent
1542 4683 1567 4743 2
1630 4677 1822 4742 Vivit
1866 4677 2212 4754 Dominus,
2260 4679 2551 4744 animam
2581 4679 2962 4764 hujusmodi
3041 4669 3046 4676 ¹

853 4785 1061 4873 patris
1138 4783 1223 4850 ab
1296 4781 1402 4847 his
1494 4779 1650 4846 filiis
1716 4779 2009 4866 requiret
2082 4779 2280 4847 Deus.
2393 4780 2467 4845 Si
2544 4781 2961 4860 tacuerimus,
