3634 5800
638 929 1025 1014 .x.n.1169.]
1526 945 1883 994 urrs'romz.
2697 933 2733 994 3
2804 951 2814 961 ·

631 1143 805 1226 quod
886 1143 1359 1208 familiaritatis
1427 1145 1906 1222 commercium,
1951 1165 2162 1230 nuper
2208 1144 2280 1208 in
2325 1144 2493 1208 festo
2524 1143 2734 1208 beatae

630 1243 859 1310 Mariae
891 1246 1301 1333 Magdalenae
1332 1247 1717 1313 Viziliacum
1738 1247 1762 1286 ¹
1810 1247 2140 1333 profectus
2183 1268 2349 1322 sum,
2393 1266 2734 1310 occurrens

629 1345 721 1411 ibi
788 1348 1045 1413 nuntiis
1111 1350 1361 1415 domini
1412 1371 1620 1436 papae,
1696 1371 1913 1428 causa,
1981 1350 2154 1416 sicut
2200 1349 2570 1424 videbatur,
2617 1349 2729 1414 ad·

630 1448 921 1514 discendi
1014 1451 1176 1536 quid
1288 1450 1785 1517 Cantuariensis
1880 1452 2112 1516 timere
2203 1455 2507 1535 oporteat
2627 1449 2732 1513 vel

626 1573 901 1635 sperare.
996 1553 1169 1619 Nam
1218 1553 1359 1620 haec
1434 1553 1659 1620 fabula
1724 1553 1860 1618 fere
1929 1553 2067 1618 sola
2111 1553 2369 1638 linguas
2433 1557 2501 1616 et
2542 1574 2732 1624 aures

628 1655 970 1740 utriusque
1014 1657 1217 1742 regni,
1293 1657 1467 1741 quod
1514 1658 1598 1722 ad
1675 1657 1918 1721 clerum
1967 1661 2238 1742 spectat,
2300 1660 2369 1718 ct
2413 1659 2585 1719 certe
2647 1676 2728 1717 ex

627 1777 867 1842 magna
941 1765 1129 1844 parte
1203 1759 1289 1823 ad
1368 1759 1701 1846 populum,
1779 1759 2071 1824 creditur
2145 1777 2475 1843 occupare.
2599 1757 2729 1821 De-

627 1859 997 1925 siderabam
1047 1867 1273 1926 autem
1322 1884 1537 1926 meum
1620 1883 1849 1926 revera
1927 1861 2150 1925 videre
2227 1859 2728 1946 cognominem?

626 1967 710 2037 et,
779 1963 959 2046 quod
1034 1965 1243 2050 magis
1318 1969 1434 2041 est,
1512 1964 2018 2049 compatriotam
2095 1969 2165 2028 et
2242 1962 2726 2048 quodammodo

625 2063 913 2142 fratrem,
962 2063 1405 2142 Gratianum,³
1446 2065 1637 2150 cujus
1682 2070 1775 2141 tu,
1843 2070 1919 2129 ut
1987 2065 2361 2129 meminisse
2435 2079 2638 2149 pote3‚
2684 2086 2725 2128 a

625 2169 873 2231 sanctae
919 2167 1392 2232 recordationis
1455 2189 1627 2252 papa
1672 2167 1970 2253 Eugenio
2043 2165 2380 2230 Ferentini
2426 2165 2725 2230 decretus

625 2265 694 2329 esi
741 2267 1103 2333 institutor.
1196 2268 1400 2333 Illum
1444 2268 1719 2333 fratrem
1767 2269 2052 2333 dixerim
2099 2267 2528 2344 confidenter,
2571 2289 2722 2333 cum

626 2387 753 2452 quo
798 2368 965 2432 mihi
1010 2369 1165 2434 fidei
1210 2376 1279 2435 et
1341 2369 1675 2436 societatis
1739 2377 1899 2436 sunt
1952 2370 2110 2454 jura
2155 2370 2541 2435 communia.
2635 2369 2724 2434 Et

622 2469 777 2535 licet
862 2493 981 2536 nos
1056 2494 1193 2537 non
1268 2474 1551 2538 ediderit
1598 2495 1731 2538 una
1806 2473 2064 2549 civitas,
2133 2473 2421 2558 patriam
2485 2478 2714 2537 tamen
2753 2477 2905 2555 ovid:
2975 2543 2986 2555 ⁹

622 2572 813 2636 nobis
889 2593 1027 2637 esse
1118 2595 1317 2639 unam
1414 2595 1547 2638 non
1635 2575 1921 2660 ambigit
2011 2575 2124 2659 qui
2199 2575 2484 2660 patriam
2584 2573 2720 2636 for·
2753 2545 2912 2660 fssf*
2942 2562 3006 2594 γ’·

626 2674 815 2750 tium,
891 2697 1041 2760 quae
1116 2677 1305 2741 nobis
1380 2677 1734 2742 individua
1847 2683 1963 2754 est,
2013 2683 2082 2741 et
2158 2699 2357 2762 quam
2407 2676 2719 2742 Carmen·
2753 2677 2864 2726 The
2887 2692 3015 2740 pope

625 2777 712 2840 tis
766 2777 1077 2853 ostendit,
1142 2778 1404 2843 reducit
1478 2779 1563 2842 ad
1628 2779 1948 2844 animum.
2042 2777 2150 2841 Ab
2226 2777 2343 2841 illo
2418 2772 2574 2864 ergo
2653 2783 2722 2842 et
2752 2743 3042 2859 {2⁸3¹ssme

625 2878 799 2944 socio
874 2878 1017 2964 ejus
1095 2879 1380 2946 Viviano
1454 2881 1661 2947 amice
1738 2886 1807 2945 et
1899 2885 2276 2946 reverenter
2370 2879 2730 2967 exceptus,⁴
2753 2876 2896 2991 {3⁰¹}-

624 2980 1019 3045 familiarius
1065 2981 1267 3047 didici
1338 2983 1516 3067 quod
1588 2982 1897 3047 dominus
1943 3003 2116 3067 papa
2163 2989 2231 3047 ct
2277 2982 2549 3058 ecclesia
2595 2982 2723 3046 Ro-
2779 2958 2832 2991 ss
2871 2958 2954 3007 ομ

624 3105 823 3149 mana
853 3083 1444 3150 Cantuariensibus
1489 3085 1850 3171 plurimum
1881 3084 2132 3148 favent.
2225 3083 2411 3149 Adeo
2457 3085 2725 3169 quidem

626 3190 706 3249 ut
748 3186 879 3251 nisi
926 3208 1042 3250 rex
1088 3208 1266 3252 nunc
1311 3207 1459 3252 cum
1507 3186 1773 3251 domino
1821 3185 2286 3251 Cantuariensi
2324 3186 2526 3272 juxta
2571 3209 2723 3252 con-

625 3288 846 3351 silium
928 3289 1176 3353 domini
1249 3310 1439 3375 papae
1462 3288 1488 3326 ⁵
1531 3287 1764 3354 fecerit
1808 3310 2054 3374 pacem,
2132 3288 2192 3353 ei
2263 3288 2723 3354 denuntiaturi

625 3390 780 3464 sint,
824 3390 1001 3476 quod
1047 3412 1183 3456 non
1230 3391 1422 3456 modo
1490 3390 1561 3454 in
1625 3412 1862 3455 manus
1909 3390 2383 3477 archiepiscopi
2430 3392 2722 3467 dabitur,

630 3492 745 3556 sed
792 3498 862 3557 et
907 3492 1046 3578 ipse
1117 3492 1459 3557 Romanus
1527 3492 1828 3578 pontifex
1897 3493 1968 3556 in
2017 3513 2169 3557 eum
2238 3498 2726 3579 aggravaturus

631 3600 733 3658 est
778 3614 1041 3657 manum
1094 3616 1295 3658 suam.
1390 3593 1581 3675 Quod
1628 3598 1855 3659 autem
1904 3594 2149 3658 multos
2194 3594 2425 3659 mirari
2471 3597 2726 3673 asseri&

635 3715 767 3779 quo
802 3694 976 3781 juris
1024 3696 1251 3760 ordine
1298 3695 1799 3761 Cantuariensis
1870 3695 2545 3761 excommunicaverit
2591 3698 2721 3783 epi-

629 3822 859 3886 scopos
907 3806 976 3865 et
1020 3800 1201 3878 alica,
1246 3822 1382 3865 non
1426 3802 1767 3867 convictos
1831 3801 1912 3865 de
1959 3802 2232 3873 crimine
2279 3823 2396 3867 seu
2445 3803 2525 3867 de
2571 3824 2724 3867 con-

627 3904 936 3980 tumacia,
982 3925 1103 3968 nec
1148 3903 1493 3989 confeSSOS,
1540 3903 1655 3967 sed
1701 3924 1822 3969 nec
1867 3902 2106 3968 citatos
2152 3903 2370 3979 semel,
2415 3909 2484 3967 et
2519 3904 2723 3989 (quod

625 4006 893 4091 gravius
968 4006 1097 4089 est)
1177 4018 1327 4091 post
1392 4005 1923 4090 appellationem,
1989 4006 2365 4069 mirandum
2457 4006 2723 4091 quidem

628 4113 815 4185 esset,
892 4109 944 4171 si
1025 4108 1106 4172 de
1138 4104 1165 4144 ⁰
1270 4107 1555 4171 veritate
1644 4106 2062 4192 querimonia
2159 4107 2496 4171 niteretur.
2589 4106 2723 4171 Sed

687 4307 742 4313 .-
1160 4305 1727 4313 *mm*
1772 4305 1914 4313 -ή
1931 4304 2265 4311 ----————---—-
2292 4305 2322 4313 —v
2346 4305 2519 4311 ——52-
2557 4306 2628 4314 --φ-.-

694 4432 710 4465 ²
762 4430 1089 4493 Viza'lliacum,
1150 4431 1234 4489 Ἲς
1314 4428 1627 4487 Via-iliacum,
1674 4447 1681 4542 Ι
1792 4430 1812 4461 ⁴
1847 4436 2097 4494 acceptus,
2121 4430 2184 4479 Ο.

630 4512 705 4571 Ζ;
754 4508 1076 4570 Vetiliamm,
1100 4509 1166 4560 L.
1790 4509 1811 4541 ⁵
1839 4523 2004 4573 papoe,
2028 4524 2128 4557 om.
2155 4506 2222 4558 L.

694 4590 715 4623 ²
748 4604 1024 4653 ωφιοπιωι,
1048 4589 1104 4638 Ζ.
1251 4627 1259 4635 .
1792 4586 1813 4618 ⁶
1847 4586 1906 4637 ‹Ie
1919 4602 2018 4635 ver.
2037 4587 2358 4649 querimonia,
2383 4586 2447 4647 Ο,
2467 4586 2524 4647 Ζ,
2549 4588 2596 4637 G
2619 4608 2632 4647 ς
2675 4586 2735 4639 de

696 4668 719 4701 ³
760 4666 1075 4729 Germanum,
1122 4664 1188 4715 L.
1283 4665 1542 4729 (Gr-alian
1590 4664 1633 4715 is
1727 4682 1833 4714 rer.
1859 4680 2000 4727 quer.
2025 4665 2363 4726 testimonium,
2386 4665 2434 4715 V
2461 4686 2475 4724 ς
2515 4667 2734 4715 veritate

637 4746 936 4796 considered
974 4744 1261 4809 equivalent
1297 4752 1352 4795 to
1390 4744 1551 4803 John,
1574 4760 1641 4793 ou
1730 4744 1789 4793 de
1812 4746 2118 4809 querimonia
2143 4745 2484 4805 testimonimn,
2509 4744 2576 4795 L.

645 4826 731 4877 the
753 4826 951 4891 ground
972 4824 1034 4873 os
1050 4824 1351 4875 derivationi.
1680 4840 1689 4888 1

2331 4914 2462 4975 ΑΞ
