3634 5800
544 4036 551 4039 -
599 3997 699 4047 evil
722 3998 809 4045 ad-

946 867 1077 930 334·
1823 881 2186 932 EPISTOLAE.
2669 870 2828 952 [an.
2864 869 3066 938 1170.

945 1089 1109 1153 quas
1184 1075 1491 1156 exceptas
1516 1070 1541 1116 1
1618 1070 1691 1135 in
1768 1070 2072 1138 chartula
2144 1071 2434 1157 legerat3
2509 1077 2578 1136 et
2647 1078 2730 1137 ut
2801 1072 3054 1138 miseri-

950 1171 1235 1237 corditer
1326 1171 1705 1238 emendaret
1779 1173 1957 1258 quod
2033 1178 2264 1238 contra
2355 1193 2476 1238 nos
2551 1179 2624 1238 et
2715 1173 3053 1241 ecclesiam

952 1279 1245 1339 nostram
1309 1273 1529 1338 fuerat
1588 1274 1661 1336 in
1705 1272 1829 1337 filii
1889 1273 1993 1337 sui
2055 1273 2472 1340 coronatione
2531 1280 3052 1362 praesumptum:

951 1374 1411 1460 promittentes
1486 1376 1548 1440 ei
1640 1395 1930 1441 amorem
2003 1381 2073 1440 et
2167 1373 2496 1452 honorem,
2575 1382 2643 1441 et
2719 1377 3045 1463 quidquid

948 1476 1243 1562 obsequii
1310 1477 1451 1563 regi
1510 1469 1581 1540 et
1646 1476 1930 1562 principi
1987 1479 2208 1561 potest
2252 1476 2337 1541 ab
2397 1476 2882 1564 archiepiscopo
2941 1501 3057 1543 ex-

610 1575 887 1638 Questions
949 1577 1163 1641 hiberi
1208 1577 1280 1641 in
1341 1576 1640 1642 Domino.
1736 1576 1860 1642 Ille
1922 1577 2196 1642 verbum
2258 1582 2605 1664 acceptans
2665 1579 2922 1657 annuit,
2985 1585 3054 1644 et

609 1643 802 1774 3212?
954 1700 1091 1757 n08,
1140 1686 1210 1745 et
1253 1684 1513 1744 nostros
1572 1679 1688 1764 qui
1742 1678 2037 1756 aderant,
2083 1680 2330 1766 recepit
2387 1681 2461 1744 in
2519 1683 2804 1767 gratiam
2848 1701 3051 1747 suam.

610 1773 857 1827 defensa.
949 1781 1041 1845 Et
1110 1782 1267 1866 quia
1340 1801 1475 1847 non
1550 1781 2010 1865 praeceperatis
2076 1787 2156 1845 ut
2224 1779 2364 1866 ipse
2431 1781 2620 1846 nobis
2689 1787 2758 1848 et
2813 1784 3056 1848 nostris

949 1882 1176 1948 ablata
1243 1882 1643 1957 restitueret,
1705 1901 1920 1966 neque
1987 1901 2029 1944 a
2097 1881 2286 1946 nobis
2361 1886 2624 1966 poterat
2696 1882 3057 1967 impetrari,

946 1990 1067 2050 aut
1112 1984 1377 2070 poterit,
1408 1982 1552 2048 Deo
1582 1987 1864 2058 auctore,
1896 1987 1974 2046 ut
2005 2002 2082 2047 ea
2125 1982 2582 2061 remittamus3
2619 1981 2823 2067 juxta
2865 2003 3050 2048 man-

944 2087 1178 2152 datum
1222 2090 1518 2151 vestrum
1564 2084 1873 2169 repetitio
1905 2103 2130 2149 eorum
2177 2083 2386 2148 dilata
2431 2090 2547 2160 est,
2592 2085 2740 2147 non‘
2773 2083 3052 2156 sublata.

951 2187 1133 2252 Nam
1196 2187 1252 2251 si
1316 2185 1787 2272 praecepissetis
1851 2207 1928 2250 eo
1989 2185 2216 2270 vigore
2285 2205 2480 2269 quem
2546 2185 2618 2248 in
2681 2186 3057 2251 novissimis

953 2288 1198 2354 litteris
1224 2287 1249 2326 ²
1324 2288 1753 2374 expressistis,
1799 2292 1881 2351 ut
1941 2287 2458 2364 restituerentur,
2537 2286 2718 2351 haud
2783 2287 3056 2352 dubium

949 2390 1111 2476 quin
1193 2389 1614 2456 satisfecisset
1666 2394 1735 2453 et
1792 2389 2072 2474 posteris
2141 2388 2430 2454 dedisset
2491 2387 2884 2474 exemplum,
2929 2390 3058 2455 toti

955 2494 1247 2560 ecclesiae
1322 2492 1467 2570 Dei,
1545 2497 1613 2556 et
1688 2490 1976 2556 maxime
2053 2490 2426 2576 apostolicae
2503 2491 2659 2568 sedi,
2734 2497 3052 2578 perpetuo

606 2597 721 2677 {rhe
744 2608 879 2664 part-
948 2595 1385 2682 profuturum.
1477 2592 1771 2659 Tandem
1839 2592 2064 2678 itaque
2125 2592 2470 2659 nobiscum
2533 2592 2747 2658 multa
2807 2599 2902 2677 et]
2933 2595 3052 2659 diu

602 2680 709 2732 mg.
948 2697 1304 2774 conferenS,
1350 2717 1499 2761 cum
1566 2715 1687 2760 nos
1732 2696 1864 2760 duo
1927 2693 2050 2759 soli
2114 2693 2246 2759 fere
2313 2713 2519 2778 usque
2573 2694 2660 2759 ad
2718 2715 3063 2781 vesperam·

942 2799 1248 2866 collocuti
1298 2819 1583 2864 essemus
1629 2797 1988 2864 secundum
2057 2815 2306 2862 morem
2365 2795 2838 2862 familiaritatis
2881 2796 3050 2862 anti-

951 2924 1117 2989 quae,
1165 2902 1236 2966 in
1296 2901 1421 2967 hoc
1467 2898 1912 2976 convenimuS,
1977 2904 2060 2963 ut
2122 2918 2197 2963 eo
2259 2897 2650 2976 discedente,
2673 2897 3056 2964 -rediremus

954 3005 1201 3091 gratias
1246 3003 1459 3070 acturi
1506 3000 2071 3066 Christianissimo
2115 3000 2254 3086 regi
2301 3004 2369 3064 et
2413 2998 2562 3064 aliis
2625 2998 3055 3067 benefactori-

952 3106 1077 3171 bus
1124 3105 1386 3182 nostriS‚
1451 3103 1780 3169 reversuri
1848 3102 1931 3167 ad
1995 3101 2228 3188 ipsum,
2275 3100 2469 3165 rebus
2532 3102 2926 3187 compositis,
2987 3107 3055 3167 et

950 3207 1365 3293 aliquamdiu
1408 3204 1729 3270 moraturi
1774 3204 1948 3269 circa
1992 3224 2161 3280 eum,
2191 3210 2548 3288 antequam
2595 3203 2940 3268 redeamus
2983 3204 3055 3268 in

947 3310 1280 3397 Angliam,
1328 3313 1405 3371 ut
1451 3306 1757 3372 omnibus
1800 3304 2171 3370 innotescat-
2231 3305 2302 3367 in
2351 3309 2666 3389 quantam
2712 3304 3052 3371 familiari-

942 3418 1152 3478 tatem
1197 3416 1269 3477 et
1310 3410 1594 3496 gratiam
1639 3429 1758 3473 nos
1804 3406 2136 3493 receperit.

1039 3510 1589 3598 Exspectabimus
1665 3512 1890 3574 autem
1987 3508 2060 3571 in
2137 3506 2414 3572 Francia
2490 3506 2698 3573 donec
2781 3507 3053 3574 redeant

946 3614 1171 3679 nuntii
1215 3612 1444 3689 nostri,
1494 3632 1657 3696 quos
1702 3609 1788 3675 ad
1850 3607 2254 3694 recipiendas
2317 3608 2751 3693 possessiones
2795 3614 3052 3675 nostras

950 3714 1445 3793 destinavimus,
1510 3712 1667 3797 quia
1725 3731 1862 3775 non
1929 3715 2030 3775 est
2090 3706 2163 3773 in
2209 3709 2430 3775 animo
2475 3715 2698 3774 nostro
2743 3714 2821 3773 ut
2865 3711 3048 3775 rede-

947 3841 1135 3884 amus
1204 3818 1291 3882 ad
1354 3816 1570 3901 ipsum
1637 3813 1955 3900 quamdiu
2024 3812 2106 3877 de
2175 3820 2350 3877 terra
2417 3812 2704 3878 ecclesiae
2783 3833 3050 3897 passum

602 3930 711 3979 The
728 3930 896 3998 king's
937 3923 1123 4009 pedis
1198 3918 1562 3987 abstulerit.
1685 3916 1862 3981 Nam
1939 3916 2012 3979 in
2078 3914 2498 3980 restitutione
2571 3914 3048 4001 possessionum

602 4062 774 4114 visers.
940 4025 1131 4090 facile
1216 4024 1635 4088 advertemus
1713 4039 1846 4103 qua
1932 4018 2308 4083 sinceritate
2382 4021 2621 4103 agatur
2694 4016 3054 4085 nobiscum.

957 4126 1099 4191 Nec
1148 4131 1377 4190 tamen
1422 4142 1729 4187 veremur
1777 4121 1942 4205 quin
2003 4118 2278 4204 impleat
2323 4118 2498 4203 quod
2559 4118 2882 4203 promisit,
2925 4120 3055 4183 nisi

957 4250 1108 4294 eum
1184 4225 1599 4314 praepediant
1674 4220 2049 4298 consiliarii,
2093 4241 2255 4305 quos
2323 4221 2702 4305 depravatae
2723 4218 2750 4257 ³
2813 4224 3055 4287 consci-

940 4331 1137 4396 entiae
1184 4328 1493 4394 stimulus
1540 4325 1868 4411 quiescere
1927 4344 2063 4386 non
2121 4322 2468 4408 permittit.
2560 4322 2656 4385 Hi
2703 4322 3048 4407 siquidem,

936 4454 1020 4497 ne
1116 4428 1757 4515 comprehendantur
1832 4427 1904 4488 in
1979 4424 2282 4510 operibus
2369 4445 2684 4488 manuum
2761 4445 3044 4503 suarum,

1008 4710 1026 4743 ¹
1060 4715 1299 4775 excerpta
1316 4715 1342 4756 φ
2105 4700 2128 4734 ⁸
2161 4700 2466 4767 depravate,
2483 4704 2565 4763 -Ο,
2601 4704 2670 4762 V,
2705 4702 2777 4764 Z,
2811 4701 3047 4766 depravi-

1004 4788 1026 4819 2
1060 4787 1269 4848 litteris,
1292 4801 1393 4836 om.
1420 4784 1486 4835 L.
2041 4790 2161 4845 tate,
2182 4784 2252 4846 A,
2275 4781 2344 4833 L.
