<?xml version="1.0" encoding="UTF-8"?>
<!DOCTYPE html PUBLIC "-//W3C//DTD XHTML 1.0 Transitional//EN"
    "http://www.w3.org/TR/xhtml1/DTD/xhtml1-transitional.dtd">
<html xmlns="http://www.w3.org/1999/xhtml" xml:lang="en" lang="en">
 <head>
  <title>
</title>
<meta http-equiv="Content-Type" content="text/html;charset=utf-8" />
  <meta name='ocr-system' content='tesseract 3.04.00' />
  <meta name='ocr-capabilities' content='ocr_page ocr_carea ocr_par ocr_line ocrx_word'/>
</head>
<body>
  <div class='ocr_page' id='page_1' title='image "./materialsforhis00herbgoog_0440.png"; bbox 0 0 3634 5800; ppageno 0'>
   <div class='ocr_carea' id='block_1_1' title="bbox 648 826 2752 912">
    <p class='ocr_par' dir='ltr' id='par_1_1' title="bbox 648 826 2752 912">
     <span class='ocr_line' id='line_1_1' title="bbox 648 826 2752 912; baseline 0 -17"><span class='ocrx_word' id='word_1_1' title='bbox 648 844 782 895; x_wconf 61' lang='lat' dir='ltr'>Aa).</span> <span class='ocrx_word' id='word_1_2' title='bbox 819 826 1045 912; x_wconf 86' lang='grc'><strong>1170.]</strong></span> <span class='ocrx_word' id='word_1_3' title='bbox 1538 842 1902 893; x_wconf 65' lang='grc' dir='ltr'><strong>ΕΡῙετοιΔς.</strong></span> <span class='ocrx_word' id='word_1_4' title='bbox 2623 832 2752 895; x_wconf 75' lang='lat'>415</span> 
     </span>
    </p>
   </div>
   <div class='ocr_carea' id='block_1_2' title="bbox 638 1029 2761 3659">
    <p class='ocr_par' dir='ltr' id='par_1_2' title="bbox 638 1029 2761 3659">
     <span class='ocr_line' id='line_1_2' title="bbox 648 1029 2754 1121; baseline -0.001 -27"><span class='ocrx_word' id='word_1_5' title='bbox 648 1030 881 1115; x_wconf 83' lang='lat' dir='ltr'>placet,</span> <span class='ocrx_word' id='word_1_6' title='bbox 912 1037 981 1097; x_wconf 90' lang='lat' dir='ltr'>et</span> <span class='ocrx_word' id='word_1_7' title='bbox 1026 1053 1145 1097; x_wconf 89' lang='lat' dir='ltr'>vos</span> <span class='ocrx_word' id='word_1_8' title='bbox 1188 1032 1317 1118; x_wconf 91' lang='lat' dir='ltr'>ipsi</span> <span class='ocrx_word' id='word_1_9' title='bbox 1338 1031 1361 1071; x_wconf 84' lang='lat'>¹</span> <span class='ocrx_word' id='word_1_10' title='bbox 1416 1054 1538 1098; x_wconf 91' lang='lat' dir='ltr'>nec</span> <span class='ocrx_word' id='word_1_11' title='bbox 1602 1030 1949 1121; x_wconf 54' lang='lat' dir='ltr'>debitum?</span> <span class='ocrx_word' id='word_1_12' title='bbox 2003 1032 2308 1117; x_wconf 79' lang='lat' dir='ltr'>precibus</span> <span class='ocrx_word' id='word_1_13' title='bbox 2342 1029 2754 1117; x_wconf 73' lang='lat' dir='ltr'>denegabitis</span> 
     </span>
     <span class='ocr_line' id='line_1_3' title="bbox 653 1131 2756 1220; baseline -0 -24"><span class='ocrx_word' id='word_1_14' title='bbox 653 1131 886 1213; x_wconf 84' lang='lat' dir='ltr'>locum,</span> <span class='ocrx_word' id='word_1_15' title='bbox 918 1134 974 1197; x_wconf 90' lang='lat' dir='ltr'>si</span> <span class='ocrx_word' id='word_1_16' title='bbox 1030 1133 1563 1220; x_wconf 86' lang='lat' dir='ltr'>delinquentium</span> <span class='ocrx_word' id='word_1_17' title='bbox 1616 1134 1910 1219; x_wconf 88' lang='lat' dir='ltr'>pensetis</span> <span class='ocrx_word' id='word_1_18' title='bbox 1957 1155 2313 1201; x_wconf 80' lang='lat' dir='ltr'><strong>excessum.</strong></span> <span class='ocrx_word' id='word_1_19' title='bbox 2401 1134 2523 1199; x_wconf 89' lang='lat' dir='ltr'>Isti</span> <span class='ocrx_word' id='word_1_20' title='bbox 2578 1132 2756 1199; x_wconf 91' lang='lat' dir='ltr'>enim</span> 
     </span>
     <span class='ocr_line' id='line_1_4' title="bbox 650 1234 2757 1321; baseline 0 -24"><span class='ocrx_word' id='word_1_21' title='bbox 650 1239 810 1299; x_wconf 88' lang='lat' dir='ltr'>sunt</span> <span class='ocrx_word' id='word_1_22' title='bbox 840 1235 975 1320; x_wconf 86' lang='lat' dir='ltr'>qui,</span> <span class='ocrx_word' id='word_1_23' title='bbox 998 1234 1073 1299; x_wconf 89' lang='lat' dir='ltr'>in</span> <span class='ocrx_word' id='word_1_24' title='bbox 1101 1236 1455 1301; x_wconf 87' lang='lat' dir='ltr'>manifesta</span> <span class='ocrx_word' id='word_1_25' title='bbox 1486 1235 1941 1301; x_wconf 71' lang='lat' dir='ltr'>inobedientia</span> <span class='ocrx_word' id='word_1_26' title='bbox 1970 1236 2416 1321; x_wconf 88' lang='lat' dir='ltr'>persistentes,</span> <span class='ocrx_word' id='word_1_27' title='bbox 2437 1236 2509 1299; x_wconf 92' lang='lat' dir='ltr'>in</span> <span class='ocrx_word' id='word_1_28' title='bbox 2538 1236 2757 1320; x_wconf 89' lang='lat' dir='ltr'>ipsum</span> 
     </span>
     <span class='ocr_line' id='line_1_5' title="bbox 650 1334 2760 1421; baseline -0.001 -20"><span class='ocrx_word' id='word_1_29' title='bbox 650 1334 1160 1421; x_wconf 59' lang='lat' dir='ltr'>pugnaveruntff·</span> <span class='ocrx_word' id='word_1_30' title='bbox 1238 1336 1481 1415; x_wconf 90' lang='lat' dir='ltr'>Deum,</span> <span class='ocrx_word' id='word_1_31' title='bbox 1528 1338 1778 1402; x_wconf 89' lang='lat' dir='ltr'>mundo</span> <span class='ocrx_word' id='word_1_32' title='bbox 1865 1337 2167 1403; x_wconf 86' lang='lat' dir='ltr'>fecerunt</span> <span class='ocrx_word' id='word_1_33' title='bbox 2211 1335 2612 1413; x_wconf 84' lang='lat' dir='ltr'>scandalum,</span> <span class='ocrx_word' id='word_1_34' title='bbox 2690 1340 2760 1399; x_wconf 91' lang='lat' dir='ltr'>et</span> 
     </span>
     <span class='ocr_line' id='line_1_6' title="bbox 649 1436 2757 1523; baseline 0 -24"><span class='ocrx_word' id='word_1_35' title='bbox 649 1437 992 1522; x_wconf 88' lang='lat' dir='ltr'>planctum</span> <span class='ocrx_word' id='word_1_36' title='bbox 1023 1437 1191 1502; x_wconf 91' lang='lat' dir='ltr'>mihi</span> <span class='ocrx_word' id='word_1_37' title='bbox 1212 1436 1239 1475; x_wconf 83' lang='lat'><strong>⁴</strong></span> <span class='ocrx_word' id='word_1_38' title='bbox 1267 1438 1557 1523; x_wconf 84' lang='lat' dir='ltr'>insuper,</span> <span class='ocrx_word' id='word_1_39' title='bbox 1591 1442 1659 1502; x_wconf 87' lang='lat' dir='ltr'>et</span> <span class='ocrx_word' id='word_1_40' title='bbox 1705 1442 1923 1503; x_wconf 89' lang='lat' dir='ltr'>totum</span> <span class='ocrx_word' id='word_1_41' title='bbox 1958 1459 2193 1523; x_wconf 89' lang='lat' dir='ltr'>corpus</span> <span class='ocrx_word' id='word_1_42' title='bbox 2227 1436 2478 1503; x_wconf 76' lang='lat' dir='ltr'>Christi</span> <span class='ocrx_word' id='word_1_43' title='bbox 2512 1437 2757 1502; x_wconf 82' lang='lat' dir='ltr'>detest-</span> 
     </span>
     <span class='ocr_line' id='line_1_7' title="bbox 649 1538 2756 1625; baseline -0.001 -21"><span class='ocrx_word' id='word_1_44' title='bbox 649 1539 811 1604; x_wconf 86' lang='lat' dir='ltr'>abili</span> <span class='ocrx_word' id='word_1_45' title='bbox 858 1540 1141 1624; x_wconf 85' lang='lat' dir='ltr'>quadam</span> <span class='ocrx_word' id='word_1_46' title='bbox 1172 1540 1461 1624; x_wconf 86' lang='lat' dir='ltr'>exempli</span> <span class='ocrx_word' id='word_1_47' title='bbox 1506 1540 1797 1625; x_wconf 85' lang='lat' dir='ltr'>pernicie</span> <span class='ocrx_word' id='word_1_48' title='bbox 1843 1538 2252 1624; x_wconf 52' lang='lat' dir='ltr'>polluentem</span> <span class='ocrx_word' id='word_1_49' title='bbox 2297 1540 2431 1625; x_wconf 90' lang='lat' dir='ltr'>qui,</span> <span class='ocrx_word' id='word_1_50' title='bbox 2478 1544 2556 1603; x_wconf 90' lang='lat' dir='ltr'>ut</span> <span class='ocrx_word' id='word_1_51' title='bbox 2613 1539 2756 1625; x_wconf 86' lang='lat' dir='ltr'>jam</span> 
     </span>
     <span class='ocr_line' id='line_1_8' title="bbox 650 1640 2758 1728; baseline 0 -24"><span class='ocrx_word' id='word_1_52' title='bbox 650 1640 959 1722; x_wconf 84' lang='lat' dir='ltr'>diximus,</span> <span class='ocrx_word' id='word_1_53' title='bbox 1003 1640 1077 1706; x_wconf 91' lang='lat' dir='ltr'>in</span> <span class='ocrx_word' id='word_1_54' title='bbox 1122 1642 1473 1708; x_wconf 85' lang='lat' dir='ltr'>manifesta</span> <span class='ocrx_word' id='word_1_55' title='bbox 1534 1641 1990 1707; x_wconf 89' lang='lat' dir='ltr'>inobedientia</span> <span class='ocrx_word' id='word_1_56' title='bbox 2032 1642 2476 1728; x_wconf 50' lang='lat' dir='ltr'>persistente&amp;</span> <span class='ocrx_word' id='word_1_57' title='bbox 2523 1662 2758 1727; x_wconf 87' lang='lat' dir='ltr'>corpus</span> 
     </span>
     <span class='ocr_line' id='line_1_9' title="bbox 650 1741 2758 1827; baseline 0 -20"><span class='ocrx_word' id='word_1_58' title='bbox 650 1741 902 1807; x_wconf 82' lang='lat' dir='ltr'>Christi</span> <span class='ocrx_word' id='word_1_59' title='bbox 946 1743 1278 1825; x_wconf 77' lang='lat' dir='ltr'>conficere,</span> <span class='ocrx_word' id='word_1_60' title='bbox 1324 1750 1392 1809; x_wconf 88' lang='lat' dir='ltr'>et</span> <span class='ocrx_word' id='word_1_61' title='bbox 1454 1743 1587 1809; x_wconf 84' lang='lat' dir='ltr'>alia</span> <span class='ocrx_word' id='word_1_62' title='bbox 1654 1744 1858 1809; x_wconf 89' lang='lat' dir='ltr'>etiam</span> <span class='ocrx_word' id='word_1_63' title='bbox 1923 1742 2176 1808; x_wconf 88' lang='lat' dir='ltr'>Divina</span> <span class='ocrx_word' id='word_1_64' title='bbox 2219 1743 2544 1808; x_wconf 89' lang='lat' dir='ltr'>celebrare</span> <span class='ocrx_word' id='word_1_65' title='bbox 2589 1763 2758 1827; x_wconf 89' lang='lat' dir='ltr'>prae-</span> 
     </span>
     <span class='ocr_line' id='line_1_10' title="bbox 647 1843 2756 1929; baseline -0 -22"><span class='ocrx_word' id='word_1_66' title='bbox 647 1850 1086 1929; x_wconf 87' lang='lat' dir='ltr'>sumpserunt,</span> <span class='ocrx_word' id='word_1_67' title='bbox 1162 1845 1249 1909; x_wconf 88' lang='lat' dir='ltr'>ad</span> <span class='ocrx_word' id='word_1_68' title='bbox 1324 1846 1501 1929; x_wconf 92' lang='lat' dir='ltr'>quod</span> <span class='ocrx_word' id='word_1_69' title='bbox 1574 1844 2022 1909; x_wconf 87' lang='lat' dir='ltr'>ministerium</span> <span class='ocrx_word' id='word_1_70' title='bbox 2099 1844 2418 1921; x_wconf 73' lang='lat' dir='ltr'>homineS,</span> <span class='ocrx_word' id='word_1_71' title='bbox 2495 1843 2756 1908; x_wconf 90' lang='lat' dir='ltr'>etiamsi</span> 
     </span>
     <span class='ocr_line' id='line_1_11' title="bbox 648 1944 2758 2031; baseline -0.001 -21"><span class='ocrx_word' id='word_1_72' title='bbox 648 1945 1012 2030; x_wconf 85' lang='lat' dir='ltr'>angelicam</span> <span class='ocrx_word' id='word_1_73' title='bbox 1087 1945 1441 2011; x_wconf 87' lang='lat' dir='ltr'>induerent</span> <span class='ocrx_word' id='word_1_74' title='bbox 1515 1946 1892 2031; x_wconf 86' lang='lat' dir='ltr'>puritatem,</span> <span class='ocrx_word' id='word_1_75' title='bbox 1969 1945 2186 2011; x_wconf 86' lang='lat' dir='ltr'>adhuc</span> <span class='ocrx_word' id='word_1_76' title='bbox 2260 1945 2486 2031; x_wconf 85' lang='lat' dir='ltr'>procul</span> <span class='ocrx_word' id='word_1_77' title='bbox 2556 1944 2758 2009; x_wconf 90' lang='lat' dir='ltr'>dubio</span> 
     </span>
     <span class='ocr_line' id='line_1_12' title="bbox 644 2046 2760 2135; baseline 0 -24"><span class='ocrx_word' id='word_1_78' title='bbox 644 2047 867 2113; x_wconf 82' lang='lat' dir='ltr'>forent</span> <span class='ocrx_word' id='word_1_79' title='bbox 941 2048 1219 2135; x_wconf 87' lang='lat' dir='ltr'>indigni.</span> <span class='ocrx_word' id='word_1_80' title='bbox 1327 2048 1461 2115; x_wconf 87' lang='lat' dir='ltr'>Sed</span> <span class='ocrx_word' id='word_1_81' title='bbox 1533 2069 1669 2114; x_wconf 89' lang='lat' dir='ltr'>non</span> <span class='ocrx_word' id='word_1_82' title='bbox 1774 2047 2113 2134; x_wconf 88' lang='lat' dir='ltr'>pergimus</span> <span class='ocrx_word' id='word_1_83' title='bbox 2189 2069 2369 2114; x_wconf 90' lang='lat' dir='ltr'>nunc</span> <span class='ocrx_word' id='word_1_84' title='bbox 2437 2048 2716 2112; x_wconf 88' lang='lat' dir='ltr'>ulterius</span> <span class='ocrx_word' id='word_1_85' title='bbox 2733 2046 2760 2085; x_wconf 80' lang='lat'>⁶</span> 
     </span>
     <span class='ocr_line' id='line_1_13' title="bbox 642 2150 2759 2237; baseline -0.001 -22"><span class='ocrx_word' id='word_1_86' title='bbox 642 2150 923 2215; x_wconf 87' lang='lat' dir='ltr'>istorum</span> <span class='ocrx_word' id='word_1_87' title='bbox 978 2151 1317 2235; x_wconf 83' lang='lat' dir='ltr'>exagitare</span> <span class='ocrx_word' id='word_1_88' title='bbox 1381 2150 1657 2237; x_wconf 84' lang='lat' dir='ltr'>flagitia,</span> <span class='ocrx_word' id='word_1_89' title='bbox 1728 2172 1813 2215; x_wconf 90' lang='lat' dir='ltr'>ne</span> <span class='ocrx_word' id='word_1_90' title='bbox 1860 2172 2172 2235; x_wconf 83' lang='lat' dir='ltr'>cogamur</span> <span class='ocrx_word' id='word_1_91' title='bbox 2216 2171 2444 2215; x_wconf 90' lang='lat' dir='ltr'>eorum</span> <span class='ocrx_word' id='word_1_92' title='bbox 2489 2170 2759 2235; x_wconf 81' lang='lat' dir='ltr'>exaspe-</span> 
     </span>
     <span class='ocr_line' id='line_1_14' title="bbox 638 2252 2756 2338; baseline -0.001 -21"><span class='ocrx_word' id='word_1_93' title='bbox 638 2273 782 2317; x_wconf 87' lang='lat' dir='ltr'>rare</span> <span class='ocrx_word' id='word_1_94' title='bbox 846 2252 1191 2337; x_wconf 86' lang='lat' dir='ltr'>supplicia.</span> <span class='ocrx_word' id='word_1_95' title='bbox 1286 2252 1377 2317; x_wconf 90' lang='lat' dir='ltr'>Et</span> <span class='ocrx_word' id='word_1_96' title='bbox 1440 2273 1559 2337; x_wconf 88' lang='lat' dir='ltr'>pro</span> <span class='ocrx_word' id='word_1_97' title='bbox 1624 2258 1824 2329; x_wconf 86' lang='lat' dir='ltr'>certo,</span> <span class='ocrx_word' id='word_1_98' title='bbox 1869 2253 2005 2317; x_wconf 89' lang='lat' dir='ltr'>nisi</span> <span class='ocrx_word' id='word_1_99' title='bbox 2073 2274 2192 2338; x_wconf 88' lang='lat' dir='ltr'>pro</span> <span class='ocrx_word' id='word_1_100' title='bbox 2261 2257 2504 2317; x_wconf 84' lang='lat' dir='ltr'>vestrae</span> <span class='ocrx_word' id='word_1_101' title='bbox 2550 2252 2756 2317; x_wconf 85' lang='lat' dir='ltr'>inter-</span> 
     </span>
     <span class='ocr_line' id='line_1_15' title="bbox 644 2352 2758 2440; baseline -0.001 -21"><span class='ocrx_word' id='word_1_102' title='bbox 644 2352 953 2419; x_wconf 85' lang='lat' dir='ltr'>cessionis</span> <span class='ocrx_word' id='word_1_103' title='bbox 998 2353 1165 2417; x_wconf 84' lang='lat' dir='ltr'>mihi</span> <span class='ocrx_word' id='word_1_104' title='bbox 1209 2353 1567 2418; x_wconf 79' lang='lat' dir='ltr'>admodum</span> <span class='ocrx_word' id='word_1_105' title='bbox 1634 2359 1920 2440; x_wconf 81' lang='lat' dir='ltr'>acceptae</span> <span class='ocrx_word' id='word_1_106' title='bbox 1964 2353 2338 2419; x_wconf 84' lang='lat' dir='ltr'>reverentia</span> <span class='ocrx_word' id='word_1_107' title='bbox 2388 2352 2758 2440; x_wconf 86' lang='lat' dir='ltr'>[stetisset]‚</span> 
     </span>
     <span class='ocr_line' id='line_1_16' title="bbox 646 2454 2759 2540; baseline 0 -21"><span class='ocrx_word' id='word_1_108' title='bbox 646 2454 1069 2521; x_wconf 66' lang='lat' dir='ltr'>infructuosae</span> <span class='ocrx_word' id='word_1_109' title='bbox 1132 2454 1415 2534; x_wconf 86' lang='lat' dir='ltr'>arbores,</span> <span class='ocrx_word' id='word_1_110' title='bbox 1461 2456 1673 2521; x_wconf 87' lang='lat' dir='ltr'>securi</span> <span class='ocrx_word' id='word_1_111' title='bbox 1734 2456 1820 2522; x_wconf 84' lang='lat' dir='ltr'>ad</span> <span class='ocrx_word' id='word_1_112' title='bbox 1891 2456 2144 2521; x_wconf 78' lang='lat' dir='ltr'>radices</span> <span class='ocrx_word' id='word_1_113' title='bbox 2209 2455 2445 2540; x_wconf 86' lang='lat' dir='ltr'>posita,</span> <span class='ocrx_word' id='word_1_114' title='bbox 2489 2455 2759 2519; x_wconf 88' lang='lat' dir='ltr'>omnino</span> 
     </span>
     <span class='ocr_line' id='line_1_17' title="bbox 646 2555 2758 2643; baseline -0.001 -22"><span class='ocrx_word' id='word_1_115' title='bbox 646 2556 1153 2623; x_wconf 85' lang='lat' dir='ltr'>succiderentur.</span> <span class='ocrx_word' id='word_1_116' title='bbox 1244 2555 1491 2622; x_wconf 91' lang='lat' dir='ltr'>Verum</span> <span class='ocrx_word' id='word_1_117' title='bbox 1522 2578 1687 2642; x_wconf 91' lang='lat' dir='ltr'>quos</span> <span class='ocrx_word' id='word_1_118' title='bbox 1717 2558 1986 2643; x_wconf 85' lang='lat' dir='ltr'>propria</span> <span class='ocrx_word' id='word_1_119' title='bbox 2017 2557 2339 2623; x_wconf 82' lang='lat' dir='ltr'>damnat</span> <span class='ocrx_word' id='word_1_120' title='bbox 2319 2578 2394 2621; x_wconf 88' lang='lat' dir='ltr'>m</span> <span class='ocrx_word' id='word_1_121' title='bbox 2439 2560 2758 2621; x_wconf 83' lang='lat' dir='ltr'>aetemum</span> 
     </span>
     <span class='ocr_line' id='line_1_18' title="bbox 646 2657 2758 2745; baseline 0.001 -24"><span class='ocrx_word' id='word_1_122' title='bbox 646 2658 982 2743; x_wconf 74' lang='lat' dir='ltr'>iniquitas,</span> <span class='ocrx_word' id='word_1_123' title='bbox 1058 2658 1525 2743; x_wconf 77' lang='lat' dir='ltr'>postulationis</span> <span class='ocrx_word' id='word_1_124' title='bbox 1600 2662 1840 2723; x_wconf 85' lang='lat' dir='ltr'>vestrae</span> <span class='ocrx_word' id='word_1_125' title='bbox 1931 2658 2151 2745; x_wconf 86' lang='lat' dir='ltr'>gratia</span> <span class='ocrx_word' id='word_1_126' title='bbox 2223 2679 2360 2723; x_wconf 89' lang='lat' dir='ltr'>non</span> <span class='ocrx_word' id='word_1_127' title='bbox 2435 2657 2758 2723; x_wconf 81' lang='lat' dir='ltr'>modicam</span> 
     </span>
     <span class='ocr_line' id='line_1_19' title="bbox 646 2757 2760 2844; baseline -0.001 -19"><span class='ocrx_word' id='word_1_128' title='bbox 646 2759 1159 2825; x_wconf 84' lang='lat' dir='ltr'>misericordiam</span> <span class='ocrx_word' id='word_1_129' title='bbox 1222 2764 1719 2844; x_wconf 82' lang='lat' dir='ltr'>consequentur.</span> <span class='ocrx_word' id='word_1_130' title='bbox 1814 2758 1928 2825; x_wconf 87' lang='lat' dir='ltr'>Sic</span> <span class='ocrx_word' id='word_1_131' title='bbox 1993 2765 2220 2824; x_wconf 89' lang='lat' dir='ltr'>tamen</span> <span class='ocrx_word' id='word_1_132' title='bbox 2282 2757 2588 2823; x_wconf 90' lang='lat' dir='ltr'>volumus</span> <span class='ocrx_word' id='word_1_133' title='bbox 2650 2780 2760 2823; x_wconf 90' lang='lat' dir='ltr'>eos</span> 
     </span>
     <span class='ocr_line' id='line_1_20' title="bbox 644 2859 2761 2948; baseline 0 -22"><span class='ocrx_word' id='word_1_134' title='bbox 644 2882 927 2939; x_wconf 87' lang='lat' dir='ltr'>manere,</span> <span class='ocrx_word' id='word_1_135' title='bbox 972 2861 1179 2928; x_wconf 90' lang='lat' dir='ltr'>donec</span> <span class='ocrx_word' id='word_1_136' title='bbox 1226 2860 1429 2948; x_wconf 88' lang='lat' dir='ltr'>(sicut</span> <span class='ocrx_word' id='word_1_137' title='bbox 1492 2862 1859 2948; x_wconf 84' lang='lat' dir='ltr'>speramus)</span> <span class='ocrx_word' id='word_1_138' title='bbox 1925 2861 2229 2947; x_wconf 82' lang='lat' dir='ltr'>proxime</span> <span class='ocrx_word' id='word_1_139' title='bbox 2275 2859 2646 2938; x_wconf 75' lang='lat' dir='ltr'>veniamuS,</span> <span class='ocrx_word' id='word_1_140' title='bbox 2692 2864 2761 2926; x_wconf 87' lang='lat' dir='ltr'>et</span> 
     </span>
     <span class='ocr_line' id='line_1_21' title="bbox 648 2961 2760 3040; baseline -0.001 -12"><span class='ocrx_word' id='word_1_141' title='bbox 648 2962 992 3028; x_wconf 83' lang='lat' dir='ltr'>videamus</span> <span class='ocrx_word' id='word_1_142' title='bbox 1036 2984 1157 3030; x_wconf 86' lang='lat' dir='ltr'>vos</span> <span class='ocrx_word' id='word_1_143' title='bbox 1177 2962 1205 3004; x_wconf 72' lang='lat'>⁸</span> <span class='ocrx_word' id='word_1_144' title='bbox 1248 2961 1371 3028; x_wconf 80' lang='lat' dir='ltr'>in⁹</span> <span class='ocrx_word' id='word_1_145' title='bbox 1432 2963 1940 3030; x_wconf 86' lang='lat' dir='ltr'>interdictorum</span> <span class='ocrx_word' id='word_1_146' title='bbox 2015 2962 2430 3028; x_wconf 87' lang='lat' dir='ltr'>absolutione</span> <span class='ocrx_word' id='word_1_147' title='bbox 2522 2967 2760 3040; x_wconf 87' lang='lat' dir='ltr'>vestra,</span> 
     </span>
     <span class='ocr_line' id='line_1_22' title="bbox 646 3064 2760 3150; baseline -0.001 -20"><span class='ocrx_word' id='word_1_148' title='bbox 646 3071 973 3150; x_wconf 88' lang='lat' dir='ltr'>quantum</span> <span class='ocrx_word' id='word_1_149' title='bbox 1039 3065 1403 3132; x_wconf 87' lang='lat' dir='ltr'>secundum</span> <span class='ocrx_word' id='word_1_150' title='bbox 1466 3064 1689 3130; x_wconf 91' lang='lat' dir='ltr'>Deum</span> <span class='ocrx_word' id='word_1_151' title='bbox 1756 3064 2141 3149; x_wconf 89' lang='lat' dir='ltr'>poterimus,</span> <span class='ocrx_word' id='word_1_152' title='bbox 2194 3064 2522 3132; x_wconf 87' lang='lat' dir='ltr'>desideria</span> <span class='ocrx_word' id='word_1_153' title='bbox 2585 3085 2760 3130; x_wconf 86' lang='lat' dir='ltr'>com-</span> 
     </span>
     <span class='ocr_line' id='line_1_23' title="bbox 645 3165 2758 3254; baseline -0.001 -22"><span class='ocrx_word' id='word_1_154' title='bbox 645 3168 911 3254; x_wconf 86' lang='lat' dir='ltr'>pleturi.</span> <span class='ocrx_word' id='word_1_155' title='bbox 1008 3166 1189 3232; x_wconf 90' lang='lat' dir='ltr'>Huic</span> <span class='ocrx_word' id='word_1_156' title='bbox 1234 3187 1392 3232; x_wconf 86' lang='lat' dir='ltr'>vero</span> <span class='ocrx_word' id='word_1_157' title='bbox 1437 3165 1870 3250; x_wconf 71' lang='lat' dir='ltr'>praesentium</span> <span class='ocrx_word' id='word_1_158' title='bbox 1914 3165 2143 3251; x_wconf 77' lang='lat' dir='ltr'>bajulo</span> <span class='ocrx_word' id='word_1_159' title='bbox 2189 3165 2274 3230; x_wconf 93' lang='lat' dir='ltr'>ob</span> <span class='ocrx_word' id='word_1_160' title='bbox 2319 3165 2758 3230; x_wconf 86' lang='lat' dir='ltr'>reverentiam</span> 
     </span>
     <span class='ocr_line' id='line_1_24' title="bbox 646 3267 2759 3353; baseline -0.001 -18"><span class='ocrx_word' id='word_1_161' title='bbox 646 3276 937 3336; x_wconf 87' lang='lat' dir='ltr'>vestram</span> <span class='ocrx_word' id='word_1_162' title='bbox 985 3274 1055 3334; x_wconf 90' lang='lat' dir='ltr'>et</span> <span class='ocrx_word' id='word_1_163' title='bbox 1122 3268 1561 3346; x_wconf 82' lang='lat' dir='ltr'>dilectionem,</span> <span class='ocrx_word' id='word_1_164' title='bbox 1630 3289 1832 3353; x_wconf 90' lang='lat' dir='ltr'>quam</span> <span class='ocrx_word' id='word_1_165' title='bbox 1900 3289 2119 3334; x_wconf 84' lang='lat' dir='ltr'>caram</span> <span class='ocrx_word' id='word_1_166' title='bbox 2185 3267 2504 3332; x_wconf 89' lang='lat' dir='ltr'>habemus</span> <span class='ocrx_word' id='word_1_167' title='bbox 2551 3268 2759 3333; x_wconf 87' lang='lat' dir='ltr'>omni-</span> 
     </span>
     <span class='ocr_line' id='line_1_25' title="bbox 646 3369 2761 3458; baseline -0.002 -20"><span class='ocrx_word' id='word_1_168' title='bbox 646 3373 861 3438; x_wconf 87' lang='lat' dir='ltr'>modis</span> <span class='ocrx_word' id='word_1_169' title='bbox 906 3377 975 3438; x_wconf 88' lang='lat' dir='ltr'>et</span> <span class='ocrx_word' id='word_1_170' title='bbox 1020 3376 1375 3457; x_wconf 84' lang='lat' dir='ltr'>acceptam,</span> <span class='ocrx_word' id='word_1_171' title='bbox 1420 3371 1691 3435; x_wconf 89' lang='lat' dir='ltr'>interim</span> <span class='ocrx_word' id='word_1_172' title='bbox 1754 3369 2255 3458; x_wconf 67' lang='lat' dir='ltr'>evangelizandi</span> <span class='ocrx_word' id='word_1_173' title='bbox 2298 3391 2494 3434; x_wconf 88' lang='lat' dir='ltr'>usum</span> <span class='ocrx_word' id='word_1_174' title='bbox 2539 3370 2761 3447; x_wconf 88' lang='lat' dir='ltr'>indul-</span> 
     </span>
     <span class='ocr_line' id='line_1_26' title="bbox 645 3470 2759 3558; baseline -0.002 -18"><span class='ocrx_word' id='word_1_175' title='bbox 645 3474 869 3550; x_wconf 90' lang='lat' dir='ltr'>simus,</span> <span class='ocrx_word' id='word_1_176' title='bbox 942 3471 1331 3558; x_wconf 80' lang='lat' dir='ltr'>‘baptizandi</span> <span class='ocrx_word' id='word_1_177' title='bbox 1408 3491 1669 3556; x_wconf 88' lang='lat' dir='ltr'>quoque</span> <span class='ocrx_word' id='word_1_178' title='bbox 1744 3475 1815 3536; x_wconf 87' lang='lat' dir='ltr'>et</span> <span class='ocrx_word' id='word_1_179' title='bbox 1889 3470 2228 3537; x_wconf 89' lang='lat' dir='ltr'>tribuendi</span> <span class='ocrx_word' id='word_1_180' title='bbox 2295 3471 2634 3549; x_wconf 86' lang='lat' dir='ltr'>viaticum,</span> <span class='ocrx_word' id='word_1_181' title='bbox 2701 3472 2759 3536; x_wconf 91' lang='lat' dir='ltr'>si</span> 
     </span>
     <span class='ocr_line' id='line_1_27' title="bbox 648 3571 2357 3659; baseline -0.002 -18"><span class='ocrx_word' id='word_1_182' title='bbox 648 3580 873 3641; x_wconf 83' lang='lat' dir='ltr'>tamen</span> <span class='ocrx_word' id='word_1_183' title='bbox 918 3575 989 3638; x_wconf 92' lang='lat' dir='ltr'>id</span> <span class='ocrx_word' id='word_1_184' title='bbox 1033 3574 1275 3639; x_wconf 85' lang='lat' dir='ltr'>ultima</span> <span class='ocrx_word' id='word_1_185' title='bbox 1319 3573 1703 3638; x_wconf 86' lang='lat' dir='ltr'>mortalium</span> <span class='ocrx_word' id='word_1_186' title='bbox 1749 3577 1944 3659; x_wconf 84' lang='lat' dir='ltr'>cogat</span> <span class='ocrx_word' id='word_1_187' title='bbox 1987 3571 2357 3638; x_wconf 82' lang='lat' dir='ltr'>necessitas.</span> 
     </span>
    </p>
   </div>
   <div class='ocr_carea' id='block_1_3' title="bbox 717 3801 2030 3866">
    <p class='ocr_par' dir='ltr' id='par_1_3' title="bbox 717 3801 2030 3866">
     <span class='ocr_line' id='line_1_28' title="bbox 717 3801 2030 3866; baseline -0.001 -17"><span class='ocrx_word' id='word_1_188' title='bbox 717 3801 735 3834; x_wconf 86' lang='lat'>1</span> <span class='ocrx_word' id='word_1_189' title='bbox 770 3801 897 3866; x_wconf 75' lang='lat' dir='ltr'>ipse,</span> <span class='ocrx_word' id='word_1_190' title='bbox 920 3801 984 3852; x_wconf 91' lang='lat' dir='ltr'>o.</span> <span class='ocrx_word' id='word_1_191' title='bbox 1823 3801 1846 3830; x_wconf 76' lang='lat'>⁸</span> <span class='ocrx_word' id='word_1_192' title='bbox 1874 3807 1943 3861; x_wconf 72' lang='lat' dir='ltr'>et,</span> <span class='ocrx_word' id='word_1_193' title='bbox 1967 3801 2030 3851; x_wconf 96' lang='lat' dir='ltr'>o.</span> 
     </span>
    </p>
   </div>
   <div class='ocr_carea' id='block_1_4' title="bbox 650 3876 2618 4104">
    <p class='ocr_par' dir='ltr' id='par_1_4' title="bbox 650 3876 2618 4104">
     <span class='ocr_line' id='line_1_29' title="bbox 715 3876 2618 3942; baseline -0.002 -12"><span class='ocrx_word' id='word_1_194' title='bbox 715 3880 737 3912; x_wconf 83' lang='lat'><em>²</em></span> <span class='ocrx_word' id='word_1_195' title='bbox 770 3880 1007 3940; x_wconf 71' lang='lat' dir='ltr'>debitum,</span> <span class='ocrx_word' id='word_1_196' title='bbox 1030 3880 1095 3940; x_wconf 91' lang='lat' dir='ltr'>O,</span> <span class='ocrx_word' id='word_1_197' title='bbox 1130 3880 1203 3940; x_wconf 84' lang='lat' dir='ltr'>Z;</span> <span class='ocrx_word' id='word_1_198' title='bbox 1238 3877 1423 3942; x_wconf 72' lang='lat' dir='ltr'>debito,</span> <span class='ocrx_word' id='word_1_199' title='bbox 1446 3879 1529 3940; x_wconf 81' lang='lat' dir='ltr'>v;</span> <span class='ocrx_word' id='word_1_200' title='bbox 1562 3878 1655 3928; x_wconf 78' lang='lat' dir='ltr'>du·</span> <span class='ocrx_word' id='word_1_201' title='bbox 1823 3877 1846 3912; x_wconf 77' lang='lat'>⁸</span> <span class='ocrx_word' id='word_1_202' title='bbox 1879 3877 2109 3938; x_wconf 69' lang='lat' dir='ltr'>ulterius,</span> <span class='ocrx_word' id='word_1_203' title='bbox 2134 3879 2200 3938; x_wconf 84' lang='grc' dir='ltr'>Ο,</span> <span class='ocrx_word' id='word_1_204' title='bbox 2229 3878 2292 3938; x_wconf 85' lang='lat' dir='ltr'>V,</span> <span class='ocrx_word' id='word_1_205' title='bbox 2315 3879 2388 3939; x_wconf 77' lang='lat' dir='ltr'>Z;</span> <span class='ocrx_word' id='word_1_206' title='bbox 2425 3893 2525 3928; x_wconf 89' lang='lat' dir='ltr'>om.</span> <span class='ocrx_word' id='word_1_207' title='bbox 2549 3876 2618 3927; x_wconf 82' lang='lat' dir='ltr'>L.</span> 
     </span>
     <span class='ocr_line' id='line_1_30' title="bbox 650 3955 2196 4022; baseline -0.003 -13"><span class='ocrx_word' id='word_1_208' title='bbox 650 3960 773 4022; x_wconf 71' lang='lat' dir='ltr'>bito,</span> <span class='ocrx_word' id='word_1_209' title='bbox 796 3959 864 4009; x_wconf 88' lang='lat' dir='ltr'>L.</span> <span class='ocrx_word' id='word_1_210' title='bbox 1820 3955 1841 3994; x_wconf 82' lang='lat'><strong><em>⁷</em></strong></span> <span class='ocrx_word' id='word_1_211' title='bbox 1875 3958 2104 4016; x_wconf 72' lang='lat' dir='ltr'>stetisset,</span> <span class='ocrx_word' id='word_1_212' title='bbox 2133 3957 2196 4008; x_wconf 94' lang='grc' dir='ltr'>Ο.</span> 
     </span>
     <span class='ocr_line' id='line_1_31' title="bbox 716 4035 2064 4104; baseline -0.002 -18"><span class='ocrx_word' id='word_1_213' title='bbox 716 4041 738 4071; x_wconf 75' lang='lat'><strong>³</strong></span> <span class='ocrx_word' id='word_1_214' title='bbox 766 4043 1122 4104; x_wconf 78' lang='lat' dir='ltr'>peccaverunt,</span> <span class='ocrx_word' id='word_1_215' title='bbox 1147 4037 1205 4086; x_wconf 92' lang='lat' dir='ltr'>Z.</span> <span class='ocrx_word' id='word_1_216' title='bbox 1821 4035 1844 4065; x_wconf 80' lang='lat'>⁸</span> <span class='ocrx_word' id='word_1_217' title='bbox 1879 4051 1986 4094; x_wconf 73' lang='lat' dir='ltr'>uos,</span> <span class='ocrx_word' id='word_1_218' title='bbox 2007 4035 2064 4084; x_wconf 90' lang='lat' dir='ltr'>L.</span> 
     </span>
    </p>
   </div>
   <div class='ocr_carea' id='block_1_5' title="bbox 717 4111 2476 4179">
    <p class='ocr_par' dir='ltr' id='par_1_5' title="bbox 717 4111 2476 4179">
     <span class='ocr_line' id='line_1_32' title="bbox 717 4111 2476 4179; baseline -0.003 -14"><span class='ocrx_word' id='word_1_219' title='bbox 717 4117 738 4149; x_wconf 85' lang='lat'><strong>⁴</strong></span> <span class='ocrx_word' id='word_1_220' title='bbox 772 4115 907 4179; x_wconf 73' lang='lat' dir='ltr'>mihi,</span> <span class='ocrx_word' id='word_1_221' title='bbox 930 4116 1003 4176; x_wconf 89' lang='lat' dir='ltr'>Z;</span> <span class='ocrx_word' id='word_1_222' title='bbox 1039 4131 1139 4166; x_wconf 89' lang='lat' dir='ltr'>om.</span> <span class='ocrx_word' id='word_1_223' title='bbox 1162 4117 1222 4165; x_wconf 83' lang='lat' dir='ltr'>L.</span> <span class='ocrx_word' id='word_1_224' title='bbox 1821 4113 1842 4145; x_wconf 84' lang='lat'><strong>⁹</strong></span> <span class='ocrx_word' id='word_1_225' title='bbox 1879 4114 1948 4172; x_wconf 80' lang='lat' dir='ltr'>in,</span> <span class='ocrx_word' id='word_1_226' title='bbox 1971 4113 2042 4174; x_wconf 86' lang='lat' dir='ltr'>Z;</span> <span class='ocrx_word' id='word_1_227' title='bbox 2075 4119 2148 4172; x_wconf 75' lang='lat' dir='ltr'>ut,</span> <span class='ocrx_word' id='word_1_228' title='bbox 2174 4111 2254 4172; x_wconf 85' lang='lat' dir='ltr'>O;</span> <span class='ocrx_word' id='word_1_229' title='bbox 2290 4127 2390 4161; x_wconf 89' lang='lat' dir='ltr'>om.</span> <span class='ocrx_word' id='word_1_230' title='bbox 2415 4112 2476 4160; x_wconf 88' lang='lat' dir='ltr'>L.</span> 
     </span>
    </p>
   </div>
  </div>
 </body>
</html>
