3634 5800
941 875 1071 938 548
1816 891 2174 942 nusi-omn.
2655 879 2823 964 [mn.
2859 875 3096 945 1173.

940 1075 1122 1139 iliius
1168 1075 1297 1140 viri
1358 1077 1601 1143 merita
1645 1077 1788 1142 fieri
1852 1079 2251 1144 universitas
2313 1091 2543 1145 narrat
2601 1079 2926 1156 fidelium,
3005 1081 3089 1141 et

941 1199 1140 1262 super
1204 1177 1326 1257 his,
1370 1200 1507 1244 non
1551 1180 1692 1245 sine
1732 1201 1998 1267 ·magno
2041 1181 2303 1267 gaudio,
2349 1204 2466 1267 per
2511 1181 2782 1248 dilectos
2829 1181 3028 1244 fiiios
3055 1177 3084 1214 ¹

942 1284 1203 1345 nostros
1246 1279 1599 1346 Aibertum
1643 1280 1846 1346 titulo
1877 1279 1903 1318 ²
1949 1281 2181 1348 Sancti
2243 1283 2587 1349 Laurentii
2651 1284 2722 1347 in
2767 1282 3076 1356 Lucina,

942 1388 1011 1446 et
1032 1381 1058 1421 ³
1087 1383 1547 1449 Theoduinum
1576 1384 1779 1449 titulo
1825 1383 2056 1450 Sancti
2085 1377 2330 1450 Vitalis
2371 1387 2788 1472 presbyteros
2835 1384 3082 1450 cardi-

940 1484 1141 1563 mles,
1218 1490 1419 1571 atque
1448 1485 1477 1524 4
1550 1486 1928 1572 apostolicae
2003 1487 2176 1553 sedis
2267 1486 2539 1574 legatOS,
2619 1489 2730 1572 qui
2807 1487 3064 1552 eadem

938 1588 1257 1653 miracula
1320 1592 1513 1653 tanto
1538 1587 1562 1626 ⁵
1623 1589 2062 1675 perspicacius
2129 1590 2505 1656 didicerunt
2571 1594 2821 1676 quanto
2899 1609 3060 1654 am-

937 1688 1115 1774 plius
1132 1687 1159 1726 ⁶
1220 1696 1379 1754 sunt
1440 1689 1581 1755 loco
1648 1690 1872 1767 vicini,
1942 1691 2271 1777 praecipue
2333 1692 2640 1756 certiores
2685 1689 2920 1765 effecti,
2977 1696 3058 1753 et

938 1790 1228 1876 plurium
1246 1788 1271 1832 '¹
1314 1791 1595 1857 aliarum
1619 1790 1646 1830 ⁸
1688 1813 2116 1878 personarum
2169 1793 2553 1859 testimonio
2595 1793 2815 1869 fldem,
2861 1793 3052 1858 sicut

937 1893 1300 1972 debuimus,
1370 1893 1778 1974 adhibente8‚
1847 1896 2242 1980 praedictum
2309 1885 2894 1981 archiepiscopum'
2933 1915 3050 1958 so-

935 1994 1247 2060 lemniter
1319 1996 1391 2060 in
1466 1996 1759 2074 ecclesia,
1857 2017 2095 2083 magno
2193 1996 2439 2062 ibidem
2511 1997 2892 2064 clericorum
2971 2000 3052 2059 et

933 2097 1249 2163 laicorum
1317 2098 1591 2184 collegio
1653 2104 1995 2184 praesente,
2065 2099 2139 2163 in
2201 2099 2415 2184 capite
2470 2100 2729 2186 jejunii,
2776 2098 3028 2163 delibe-

932 2206 1078 2267 rato
1122 2201 1407 2266 fratrum
1428 2199 1455 2238 ⁹
1484 2205 1857 2268 nostrorum
1888 2200 2159 2267 consilio
2189 2203 2738 2277 canonizavimu3‚
2784 2201 3044 2285 ipsum-

932 2326 1059 2389 que
1154 2302 1563 2368 decrevimus
1658 2309 2038 2369 sanctorum
2114 2304 2410 2390 catalogo
2505 2302 3035 2370 adscribendum.

930 2405 1458 2480 Universitatem
1503 2405 1731 2489 itaque
1774 2411 2066 2470 vestram
2111 2427 2472 2484 monemus,
2521 2411 2594 2470 et
2635 2405 3034 2470 auctoritate

928 2529 1062 2593 qua
1090 2507 1431 2594 fungimur
1462 2507 1709 2594 [vobis]
1730 2504 1783 2545 ¹⁰
1812 2506 2110 2572 districte
2154 2508 2589 2593 praecipimuS‚
2623 2512 2702 2572 ut
2737 2505 2960 2570 natale
2981 2504 3034 2542 ¹¹

927 2611 1229 2696 praedicti
1273 2609 1540 2696 gloriosi
1586 2611 1900 2694 martyris
1948 2609 2054 2675 die
2097 2610 2422 2696 passionis
2465 2631 2606 2676 suae
2649 2608 3032 2676 solemniter

927 2712 1119 2776 annis
1184 2711 1465 2797 singulis
1532 2710 1896 2789 celebretis,
1943 2718 2012 2776 et
2074 2712 2254 2798 apud
2319 2713 2540 2799 ipsum
2587 2711 2836 2776 votivis
2877 2731 3028 2774 ora-

926 2813 1222 2878 tionibus
1298 2815 1619 2901 satagatis
1684 2815 2128 2899 [peccatorum
2148 2812 2226 2902 12]
2295 2814 2560 2880 veniam
2635 2811 3025 2899 promereri;

925 2921 1004 2981 ut
1071 2918 1187 3003 qui
1251 2937 1368 3002 pro
1434 2916 1701 2982 Christo
1769 2917 1844 2982 in
1917 2918 2063 2983 vita
2127 2917 2454 2994 exsilium,
2525 2921 2594 2981 et
2667 2916 2740 2981 in
2813 2920 3024 2979 morte

925 3018 1197 3084 virtutis
1260 3018 1634 3084 constantia
1696 3019 2020 3104 passionis
2082 3019 2480 3103 martyrium
2525 3017 2817 3105 pertulit,
2862 3017 3022 3080 fide-

922 3121 1086 3185 lium
1154 3120 1303 3207 jugi
1325 3118 1377 3159 ¹³
1438 3119 1918 3206 supplicatione
1993 3120 2294 3207 pulsatus
2348 3141 2466 3207 pro
2527 3118 2720 3186 nobis
2736 3117 2789 3163 ¹⁴
2845 3118 3027 3203 apud

920 3223 1140 3288 Deum
1182 3219 1233 3261 ¹⁵
1321 3222 1711 3288 intercedat.
1847 3222 2103 3289 Datum
2213 3221 2468 3308 Signiae
2557 3220 2673 3286 iiii.
2700 3218 2752 3259 ¹⁶
2862 3219 3026 3284 Idus

921 3326 1169 3392 Martii.

898 3528 933 3553 ⁰¹
988 3556 1005 3588 ¹
1026 3554 1192 3618 filice,
1216 3554 1260 3607 C
1282 3552 1376 3617 (cf.
1393 3552 1489 3617 Ep.
1516 3555 1641 3614 783)
1666 3574 1681 3615 3
1700 3554 1926 3618 fratres,
2083 3552 2127 3585 ¹⁰
2161 3550 2314 3613 voltis,
2339 3551 2416 3615 03
2451 3567 2551 3603 om.
2575 3552 2636 3601 L.

920 3635 991 3696 A,
1013 3633 1075 3684 L.
2083 3632 2122 3664 ¹¹
2156 3630 2331 3681 natale
2365 3667 2379 3682 .
2418 3668 2432 3683 .
2469 3667 2482 3681 .
2516 3630 2712 3691 die,A,
2751 3630 2828 3692 03
2867 3639 3020 3682 nata-

986 3713 1008 3746 2
1042 3711 1205 3773 titulo,
1228 3712 1270 3764 C
1292 3733 1306 3773 ς
1342 3710 1498 3774 tituli,
1519 3711 1590 3774 A,
1612 3711 1675 3774 L,
1702 3712 1761 3762 Ζ.
2015 3710 2102 3761 lem
2125 3710 2270 3771 diem,
2291 3710 2351 3771 Z,
2373 3711 2420 3761 L
2445 3710 2536 3775 (cf.
2559 3710 2655 3775 Ep.
2679 3710 2824 3773 ⁷84).

986 3794 1009 3827 3
1044 3801 1109 3854 et,
1133 3792 1197 3855 Ο,
1223 3794 1265 3845 C
1287 3814 1301 3852 ;
1334 3808 1437 3843 om.
1461 3791 1521 3853 Z,
1542 3792 1601 3841 L.
2079 3787 2122 3821 ¹²
2148 3794 2487 3855 peccatorum,
2511 3789 2584 3849 c;
2620 3803 2722 3839 om.
2745 3788 2817 3851 A,
2839 3788 2893 3849 Z,
2919 3788 2980 3838 L.

984 3872 1004 3904 ⁴
1040 3879 1209 3935 atque,
1230 3872 1304 3935 L;
1340 3886 1441 3921 om.
1464 3868 1526 3921 C.
2081 3866 2122 3900 ¹³
2153 3867 2310 3931 vulfi,
2334 3867 2398 3919 Ο.
2501 3880 2510 3889 ·

984 3952 1005 3983 ⁵
1041 3956 1194 4015 tanto,
1215 3966 1318 4001 om.
1340 3951 1402 4001 L.
2081 3947 2125 3980 ¹⁴
2158 3946 2319 4008 nobis,
2341 3948 2412 4006 A,
2441 3946 2504 4007 Ο,
2528 3946 2604 4009 C;
2637 3945 2796 4009 vobis,
2818 3946 2877 3996 L.

985 4029 1007 4063 ὅ
1040 4029 1269 4094 amplius,
1296 4044 1398 4079 om.
1421 4030 1489 4080 A.
2079 4023 2118 4058 ¹⁵
2156 4025 2442 4086 Dominum,
2464 4025 2525 4076 L.

980 4108 1005 4147 7
1028 4108 1255 4175 plurimi,
1275 4109 1335 4159 L.
2080 4103 2121 4136 ¹⁸
2156 4112 2359 4169 quarto,
2377 4106 2447 4168 A,
2464 4106 2536 4165 V,
2560 4104 2618 4166 Z,
2635 4103 2714 4167 L;
2749 4104 2917 4165 tertio,
2943 4102 2986 4156 C
3005 4124 3020 4161 ς

978 4189 1001 4222 ⁸
1036 4188 1276 4250 aliarum,
1299 4203 1399 4238 om.
1422 4188 1489 4237 O.
2011 4198 2114 4236 om.
2140 4183 2203 4235 Ο.

976 4268 998 4301 ⁹
1032 4284 1201 4334 nuper
1224 4266 1334 4330 (for
1352 4267 1522 4331 fratr.
1557 4272 1715 4318 nostr.
1739 4262 1924 4326 cona),

916 4348 978 4402 0.
