3634 5800
698 884 830 933 Am.
870 867 1091 954 1170]
1569 883 1926 934 Ems'romz.
2668 874 2795 936 265

700 1068 966 1135 domine
1035 1070 1146 1146 mi,
1213 1070 1449 1135 auxilii
1518 1071 1723 1134 vestri
1787 1072 2117 1157 porrigere
2187 1093 2439 1150 mnnuS,
2508 1071 2793 1136 maxime

697 1169 805 1234 his
850 1172 966 1255 qui
1013 1171 1192 1236 domi
1239 1192 1472 1236 manus
1517 1173 1949 1257 pessimorum
1996 1172 2411 1249 confortavit,
2442 1194 2793 1238 conversus

699 1273 790 1336 sit
852 1294 1030 1338 nunc
1098 1273 1363 1338 demum
1431 1273 1518 1338 ad
1586 1294 1853 1339 cursum
1916 1295 2129 1354 suum,
2196 1280 2265 1339 et
2329 1275 2517 1358 quasi
2586 1295 2795 1358 equus

702 1373 958 1458 impetu
1003 1374 1209 1440 vadat
1253 1374 1341 1440 ad
1403 1373 1729 1460 proelium,
1795 1380 2059 1460 captate
2078 1374 2103 1412 ¹
2164 1375 2333 1440 forte
2398 1375 2620 1440 David
2678 1376 2794 1440 ab·

701 1475 920 1540 sentia
961 1482 1041 1540 ut
1085 1475 1292 1542 libere
1337 1477 1692 1560 exprobret
1735 1475 1963 1553 Israel,
1994 1498 2143 1540 cum
2175 1498 2304 1541 non
2354 1477 2445 1541 sit
2493 1477 2607 1560 qui
2654 1477 2795 1561 ejus

701 1577 910 1661 possit
953 1577 1062 1642 vel
1106 1577 1350 1642 audeat
1413 1577 1638 1642 ludere
1683 1578 2025 1662 impetum.
2120 1577 2252 1643 Hic
2320 1582 2422 1642 est
2465 1577 2799 1643 Londoni-
2824 1575 2969 1690 {5¹:30
3058 1640 3087 1690 f

702 1678 892 1753 ensiS,
938 1678 1052 1763 qui
1111 1677 1252 1762 jam
1319 1679 1524 1764 coepit
1586 1678 1915 1746 mendacii
1977 1680 2291 1745 conficere
2360 1680 2506 1744 iter.
2600 1678 2797 1744 Unde
2823 1657 3085 1756 Londgnqs

699 1800 837 1857 nos,
903 1778 1111 1843 leonis
1177 1784 1548 1844 metuentes
1619 1781 2009 1846 violentiam
2083 1782 2202 1866 qui
2277 1781 2579 1846 draconis
2651 1783 2797 1866 jam
2823 1773 3133 1837 expedition.

699 1881 956 1966 pridem
1021 1882 1278 1967 experti
1345 1902 1574 1946 sumus
1636 1881 1930 1958 insidiae,
1976 1883 2063 1948 ad
2124 1883 2378 1948 alarum
2425 1889 2796 1948 vestrarum

699 1982 1094 2068 suffugimus
1137 1983 1630 2062 velamentum3
1697 1988 1775 2047 ut
1820 1984 1879 2048 si
1923 1984 2097 2049 forte
2143 2007 2261 2050 vos
2307 1986 2380 2048 in
2432 1985 2793 2050 diversorio

699 2083 1164 2159 invenerimus,
1211 2082 1605 2148 Davidicam
1650 2083 2023 2149 adhibeatis
2066 2085 2427 2150 sollertiam
2472 2091 2543 2151 et
2609 2086 2796 2152 forti-

701 2184 1020 2260 tudinem,
1067 2205 1151 2248 ne
1213 2184 1299 2248 ad
1351 2185 1662 2270 proelium
1723 2186 2138 2270 procedentis
2198 2192 2427 2252 contra
2483 2187 2794 2252 Israelem

701 2285 1062 2369 praevaleat
1123 2286 1429 2371 impetus.
1542 2287 1774 2352 Potius
1848 2287 1921 2352 in
2000 2287 2257 2352 hostem
2334 2293 2796 2373 retorqueatur

701 2387 908 2452 totius
956 2387 1166 2473 plebis
1212 2389 1652 2474 opprobrium.
1749 2388 2039 2476 Spiritus
2084 2391 2342 2456 consilii
2389 2396 2459 2455 et
2503 2392 2797 2457 scientiae

701 2488 1044 2552 vobiscum
1109 2489 1215 2566 sit,
1263 2491 1378 2573 qui
1446 2511 1566 2575 pro
1633 2491 1857 2575 pueris
1925 2492 2184 2568 nostris,
2229 2490 2387 2556 huic
2450 2493 2795 2558 certamini

701 2589 922 2652 minus
989 2588 1262 2666 idoneis,
1308 2589 1540 2656 doceat
1603 2611 1840 2655 manus
1904 2592 1990 2656 ad
2057 2591 2369 2676 proelium
2419 2598 2489 2657 et
2554 2594 2799 2678 digitos

700 2695 962 2754 nostros
1007 2691 1093 2755 ad
1137 2689 1402 2755 bellum.

1558 3110 1909 3179 DCLIID

701 3258 1040 3323 Ensrom
1072 3259 1442 3327 ΗΕΒΒΕΒΤΙ
1489 3278 1917 3329 EXSULANTIS
1961 3281 2059 3329 An
2105 3265 2551 3334 WILLELMUM
2594 3287 2799 3337 srmo-

791 3377 1071 3425 NENSEM
1117 3378 1722 3428 Ancmsmscornu
1766 3380 1908 3428 JAM
1954 3382 2203 3431 nomn
2246 3384 2677 3437 morso-mn.

1503 3511 1590 3575 (P.
1617 3515 1646 3561 5
1668 3533 1683 3571 3
1717 3512 1878 3563 Herb.
1904 3516 1980 3575 5.)

797 3634 1056 3719 Quibus
1101 3660 1281 3704 mmc
1331 3645 1555 3725 potest
1598 3640 1920 3707 vehiculis
1967 3645 2263 3728 parvitas
2308 3668 2453 3712 mea
2499 3650 2797 3714 sublimi·
2819 3662 2931 3711 The
2952 3660 3121 3725 king’s

704 3742 867 3805 tatis
913 3746 1048 3806 tuae
1120 3762 1187 3805 se
1251 3742 1622 3825 praesentiae
1693 3743 1982 3829 ingerit3
2057 3745 2219 3830 quin
2288 3749 2511 3833 potius
2578 3756 2796 3816 tecum
2820 3726 3027 3843 {32ssssss
3036 3726 3140 3841 {gd

702 3842 1072 3907 litterarum
1138 3841 1468 3907 schemate
1537 3848 1865 3928 quotquot
1927 3866 2151 3911 sumus
2196 3848 2611 3935 migrationis
2671 3853 2795 3917 filii
2822 3858 2901 3935 hi?
2922 3860 3024 3907 bad

699 3943 978 4028 pedibus
1041 3949 1178 4008 tuae
1245 3942 1515 4027 pietatis
1583 3944 2023 4021 advolvimur,
2100 3948 2348 4033 regiam
2418 3951 2603 4015 illam
2672 3952 2797 4017 cle.-
2821 3924 2968 3974 fmth.

699 4044 967 4107 mentiae
1035 4048 1172 4108 tuae
1247 4042 1586 4128 pulsantes
1655 4051 1733 4107 ut
1807 4045 2050 4110 ostium
2126 4048 2585 4116 misericordiae
2662 4059 2797 4119 tuce

675 4143 1114 4228 ’ingrediatur
1143 4144 1356 4207 oratio
1400 4149 1642 4208 nostra.
1723 4142 1931 4229 Cujus
1962 4144 2019 4208 si
2051 4167 2184 4210 non
2214 4148 2405 4213 audis
2450 4150 2797 4216 clamorem

700 4244 900 4317 vociS,
947 4243 1264 4308 exaudias
1309 4243 1417 4307 vel
1481 4242 1833 4309 clamorem
1898 4248 2279 4332 sanguinis;
2342 4250 2431 4314 ad
2490 4256 2557 4315 te
2622 4254 2799 4317 enim

699 4343 942 4409 clamat
1010 4345 1279 4430 sanguis
1341 4349 1582 4422 noster,
1640 4366 1822 4410 nunc
1882 4349 2249 4431 praesertim
2310 4351 2599 4417 validius
2669 4376 2798 4439 quo

1589 4569 1605 4601 ¹
1645 4576 1859 4634 captata
1876 4578 1902 4619 1?

877 4757 896 4779 ·
931 4750 1040 4800 The
1061 4756 1172 4801 text
1195 4764 1357 4800 seems
1389 4758 1446 4800 to
1477 4749 1610 4801 have
1633 4752 1931 4816 undergone
1953 4750 2299 4805 considerable
2321 4755 2629 4819 corruption.
