3634 5800
648 866 780 915 A.1›.
819 850 1046 933 1169]
1528 863 1889 912 EPISTOLAE.
2666 848 2748 911 97

646 1071 836 1136 posse
883 1072 926 1115 a
973 1055 1133 1115 nota
1175 1051 1717 1137 transgressionis
1771 1050 2093 1115 excusari.
2159 1050 2313 1114 Non
2365 1050 2543 1113 enim
2574 1050 2646 1114 in
2679 1070 2754 1113 eo

649 1152 974 1217 debuistis
1025 1154 1097 1216 in
1157 1172 1279 1217 nos
1347 1152 1609 1239 culpam
1657 1152 2027 1227 refundere,
2088 1152 2161 1215 in
2221 1172 2353 1235 quo
2414 1156 2709 1215 nostram
2729 1150 2755 1187 ¹

650 1275 842 1319 nemo
894 1254 1078 1319 valet
1141 1255 1510 1323 incrustare
1529 1252 1554 1291 ²
1611 1254 2082 1319 sinceritatem.
2183 1252 2427 1317 Verum
2478 1253 2639 1337 quia
2682 1253 2753 1315 in

653 1362 791 1421 tam
821 1357 1062 1422 intima
1106 1357 1460 1421 devotione
1505 1364 1574 1421 et
1617 1355 1884 1421 vinculo
1935 1356 2100 1420 adeo
2162 1354 2603 1419 indissolubili
2645 1356 2758 1419 do-

653 1460 832 1523 mino
877 1480 1064 1546 papae
1094 1467 1164 1525 et
1213 1459 1496 1525 eeclesiae
1549 1459 1863 1523 Romanae
1910 1458 2171 1523 astricti
2218 1478 2465 1539 summ,
2515 1464 2595 1522 ut
2639 1479 2759 1523 nec

650 1562 913 1642 sentire,
951 1583 1072 1627 nec
1125 1561 1487 1647 quidquam
1541 1560 1901 1625 debeamus
1954 1559 2294 1625 consulere
2345 1582 2429 1623 ex
2478 1580 2609 1644 quo
2655 1580 2759 1625 ec-

650 1662 866 1729 elesiae
923 1662 1160 1729 honori
1220 1662 1538 1747 derogari,
1607 1660 1716 1726 vel
1791 1662 2124 1748 opinionis
2198 1682 2335 1725 suae
2410 1662 2760 1747 integritas

649 1763 886 1833 violari
929 1764 1256 1841 videatur,
1288 1763 1668 1827 discretioni
1703 1769 1941 1828 vestrae
1988 1761 2160 1826 nihil
2207 1762 2389 1827 aliud
2435 1763 2758 1828 audemus

651 1868 1058 1953 respondere,
1129 1867 1256 1931 nisi
1318 1866 1496 1951 quod
1543 1887 1659 1930 nec
1705 1866 1871 1929 fines
1918 1865 2219 1930 mandati
2266 1865 2519 1929 domini
2566 1886 2758 1951 papae

653 1967 1250 2054 transgrediamini,
1327 1988 1450 2032 nec
1515 1967 1587 2029 in
1655 1969 1970 2051 praesenti
2039 1967 2320 2033 articulo
2390 1966 2754 2053 quidquam

653 2069 876 2135 velitis
921 2076 1232 2145 statuere,
1257 2068 1434 2153 quod
1465 2066 1918 2133 ecclesiasticae
1948 2069 2291 2145 sanctioni,
2322 2075 2392 2134 et
2422 2069 2708 2135 ecclesiae
2730 2067 2759 2107 ⁸

659 2173 988 2247 Romanae,
1051 2171 1252 2236 immo
1315 2170 1606 2255 generali
1682 2170 1893 2235 totius
1964 2168 2250 2235 ecclesiae
2300 2171 2761 2236 consuetudini

655 2274 960 2338 videatur
1005 2271 1376 2357 refragari,⁴
1449 2271 1556 2336 vel
1630 2271 1717 2335 ad
1791 2272 2143 2357 perniciosi
2192 2272 2480 2359 exempli
2535 2294 2766 2339 conse-

656 2376 998 2463 quentiam
1046 2375 1475 2460 imposterum
1541 2373 1763 2439 valeat
1827 2373 2133 2452 derivari,
2179 2374 2311 2439 nisi
2363 2375 2533 2441 forte
2578 2375 2765 2440 aliud

656 2500 740 2543 ex
815 2478 1164 2543 voluntate
1245 2476 1495 2541 domini
1551 2475 2047 2541 Cantuariensis
2104 2478 2505 2563 acceperitis
2624 2478 2764 2542 An-

654 2581 838 2665 gelus
883 2578 1138 2644 consilii
1185 2583 1255 2642 et
1299 2576 1719 2643 fortitudinis
1771 2577 1865 2642 sit
1911 2578 2267 2645 vobiscum.

1519 2965 1901 3036 DLXXIII.

733 3115 1026 3180 TnouAs
1073 3115 1638 3182 CANTUAmmsIs
1681 3135 2269 3184 ARCHIEPISGOPUS
2320 3119 2393 3182 W
2406 3137 2705 3184 ILLELMo

942 3235 1325 3299 snrpmom,
1377 3237 1461 3284 m·
1506 3237 1909 3287 coNVEN'rUI
1956 3221 2497 3288 CANTUARIENSI.

903 3373 996 3432 (A.
1019 3375 1117 3420 213
1143 3391 1159 3431 ς
1197 3371 1260 3422 Ο.
1295 3371 1347 3420 ii.
1378 3374 1468 3420 122
1491 3392 1503 3432 ς
1543 3371 1597 3420 Ζ.
1623 3371 1673 3420 ii.
1698 3377 1760 3422 33
1783 3393 1798 3433 ς
1834 3372 1967 3436 Lup.
1992 3371 2043 3421 ii.
2070 3377 2165 3433 34;
2202 3373 2387 3423 Thom.
2412 3375 2521 3436 84.)

757 3499 1043 3564 Thomas
1088 3497 1214 3564 Dei
1259 3489 1479 3585 gratia
1549 3499 2048 3565 Cantuariensis
2111 3501 2656 3588 archiepiscopus,
2702 3481 2771 3568 et

671 3601 842 3665 sedis
888 3601 1262 3686 apostolicae
1308 3601 1580 3686 legatus»,
1626 3602 1888 3667 dilectis
1933 3602 2007 3667 in
2070 3602 2338 3668 Christo
2384 3605 2555 3683 filiis,
2606 3606 2769 3670 Wil-

671 3701 868 3767 lelmo
913 3702 1242 3788 suppriori
1289 3706 1358 3766 et
1405 3703 1531 3767 toti
1597 3704 1958 3768 conventui
2025 3704 2524 3772 Cantuariensis
2570 3708 2770 3774 60016-

670 3804 804 3880 siae,
849 3805 1132 3869 salutem
1178 3810 1248 3868 et
1292 3805 1364 3867 in
1411 3803 1568 3870 fidei
1613 3812 1682 3870 et
1728 3805 2122 3872 obedientiae
2168 3807 2421 3874 virtute
2467 3815 2771 3875 constan-

671 3912 805 3970 tem
828 3906 854 3943 5
897 3905 1470 3990 perseverantiam.

761 4007 1138 4072 Lamentati
1213 4029 1440 4071 sumus
1510 4008 1979 4094 quinquenni0‚
2027 4033 2178 4076 cum
2246 4014 2567 4099 propheta
2630 4023 2772 4079 stu·
2802 4030 3071 4079 Lamenta-

671 4116 904 4197 pentes
966 4131 1105 4196 prae
1173 4110 1396 4175 dolore
1460 4117 1528 4174 et
1593 4111 2049 4193 admiratione,
2114 4116 2439 4200 quomodo
2508 4117 2776 4182 domina

741 4341 758 4373 ¹
793 4349 1025 4398 vestram,
1048 4340 1117 4398 A,
1142 4339 1206 4390 Ο.
1841 4337 1863 4370 ³
1895 4339 2269 4402 ecclesiastice,
2293 4344 2364 4392 A.

743 4419 764 4452 ²
797 4425 828 4449 “
850 4422 928 4469 At
960 4434 1053 4468 nos
1088 4418 1301 4468 virtutes
1335 4417 1472 4480 ipsas
1505 4417 1674 4468 inver-
1838 4417 1859 4448 ⁴
1892 4420 2223 4484 naufrayari,
2261 4421 2331 4482 A,
2372 4421 2451 4483 03
2494 4425 2777 4492 resraqari,

872 4503 902 4527 “
939 4498 1112 4556 timus,
1134 4495 1282 4560 atque
1771 4499 1830 4556 Z,
1852 4499 1915 4547 L.

799 4579 833 4606 “
869 4577 1134 4628 Sincerum
1180 4575 1417 4640 cupimus
1462 4592 1553 4627 vas
1599 4576 1677 4626 in·
1838 4577 1859 4608 ⁸
1894 4580 2204 4639 constantio,
2231 4581 2289 4630 Z.

873 4659 908 4686 “
943 4656 1219 4706 crustare.’'

1019 4735 1202 4785 Horat.
1227 4733 1333 4785 Sat.
1359 4735 1402 4783 Ι.
1427 4733 1502 4784 iii.
1527 4739 1678 4785 55—6.

854 4829 888 4863 o
915 4815 1096 4863 12478.
2466 4840 2511 4887 G

2804 4095 2907 4145 tion
2930 4111 3057 4144 over

2803 4163 2891 4211 the
2906 4160 3101 4211 church

2804 4228 2863 4278 of
2882 4228 3096 4279 Canter-

2802 4297 2948 4359 bury.
