3634 5800
620 1877 845 1929 Circum-

618 1959 818 2001 stances

618 2019 681 2068 of
693 2015 779 2066 the

614 2084 835 2134 murder.

621 3199 883 3263 Compari-

618 3281 711 3315 son
732 3265 854 3315 with

617 3333 706 3382 the

620 3397 877 3448 Saviour’s

618 3464 837 3529 passion.

958 844 1089 910 464·
1836 843 2196 914 1313meAE
2678 851 2838 936 [Am.
2872 851 3068 920 1171.

958 1033 1101 1098 Nec
1163 1035 1248 1099 ad
1312 1037 1643 1103 modicum
1697 1044 1767 1102 et
1829 1039 2019 1123 quasi
2084 1039 2170 1103 ad
2233 1039 2464 1104 horam
2527 1039 2796 1104 credens
2849 1044 2928 1103 'et
2991 1037 3066 1100 in

954 1136 1237 1222 articulo
1303 1139 1763 1225 temptationis
1827 1140 2136 1205 recedens
2199 1141 2478 1205 adversa
2538 1161 2884 1228 perpessus
2943 1145 3068 1214 est,

956 1237 1071 1301 sed
1101 1237 1410 1302 exsilium
1448 1245 1516 1304 et
1544 1241 2030 1306 acerbissimam
2053 1240 2075 1279 ¹
2120 1241 2664 1327 proscriptionem
2709 1242 2781 1305 in
2811 1262 3066 1307 annum

955 1341 1310 1425 septimum
1371 1341 1774 1427 protelavit3
1821 1348 2015 1408 tanta
2061 1344 2328 1428 quidem
2373 1344 2624 1409 virtute
2670 1343 3066 1410 constantiae

954 1442 1137 1527 regia
1181 1443 1294 1506 via
1352 1443 1676 1519 incedens
1724 1448 1795 1508 et
1842 1443 2096 1508 Christi
2121 1442 2147 1481 ²
2204 1449 2275 1509 et
2335 1444 2842 1530 apostolicorum
2887 1443 3064 1506 viro-

953 1565 1101 1606 rum
1172 1564 1447 1628 sequens
1522 1546 1824 1631 vestigia,
1889 1551 1968 1609 ut
2031 1546 2324 1611 invictus
2393 1547 2451 1632 ej
2462 1568 2538 1611 us
2607 1547 2868 1611 animus
2935 1564 3063 1609 nec

954 1643 1238 1710 fortunae
1282 1643 1621 1710 saevientis
1682 1645 1940 1731 impetu
2001 1651 2220 1732 posset
2268 1646 2503 1733 frangi,
2547 1667 2671 1713 nec
2715 1644 3066 1712 blanditiis

956 1746 1250 1812 emolliri.

1046 1848 1177 1913 Sed
1252 1853 1318 1913 et
1342 1847 1367 1887 ³
1442 1849 1558 1914 ubi
1632 1849 1721 1914 sit
1795 1849 2174 1916 immolatus
2264 1851 2610 1916 advertite.
2704 1850 2898 1917 Certe
2985 1851 3068 1914 in

954 1952 1225 2018 ecclesia
1266 1972 1415 2037 quae
1466 1957 1665 2038 caput
1694 1954 1880 2038 regni
1927 1959 2043 2029 est,
2091 1957 2160 2018 et
2201 1952 2481 2019 aliarum
2527 1953 2822 2018 omnium
2851 1957 3069 2017 mater

952 2055 1024 2118 in
1072 2053 1355 2131 Chr-istc,
1401 2075 1620 2120 coram
1664 2056 1878 2131 altari,
1924 2055 2100 2120 inter
2144 2056 2636 2122 consacerdotes
2657 2054 2684 2093 ⁴
2729 2061 2798 2120 et
2826 2077 3066 2119 manus

950 2155 1402 2240 religiosorum
1448 2177 1609 2240 quos
1654 2161 2056 2221 armatorum
2101 2157 2479 2223 carnificum
2523 2156 2854 2222 tumultus
2895 2156 3068 2220 fece-

952 2261 1059 2322 rat
1102 2257 1188 2322 ad
1234 2258 1633 2341 stupendum
1678 2263 1749 2322 et
1791 2257 2162 2324 miserabile
2207 2258 2650 2344 spectaculum
2693 2259 3062 2340 convenire.

955 2359 1088 2438 Qui
1132 2379 1285 2446 ergo
1330 2380 1398 2424 se
1428 2359 1644 2446 ipsum
1690 2378 1733 2424 a
1761 2359 1974 2426 multo
2019 2365 2312 2447 tempore
2355 2361 2749 2426 exhibuerat
2776 2360 3064 2425 hostiam

951 2461 1197 2541 vivam,
1244 2465 1558 2539 sanctam,
1605 2461 1749 2527 Deo
1793 2462 2204 2547 placentem3
2268 2463 2384 2547 qui
2429 2483 2688 2528 carnem
2735 2483 2922 2527 suam
2989 2463 3066 2525 in

953 2562 1381 2639 orationibus,
1453 2562 1721 2649 vigiliis,
1776 2564 2069 2649 jejuniis,
2123 2570 2192 2628 et
2257 2564 2604 2651 asperioris
2677 2564 2874 2630 cilicii
2937 2585 3064 2628 usu

951 2666 1281 2743 continue,
1312 2687 1463 2730 cum
1510 2666 1694 2730 vitiis
1741 2669 1810 2730 et
1853 2666 2399 2751 concupiscentiis
2444 2666 2895 2744 crucifixerat;
2947 2665 3066 2750 qui

955 2769 1221 2833 dorsum
1272 2767 1478 2853 (quod
1514 2767 1723 2832 sancti
1754 2767 2110 2832 familiares
2156 2768 2298 2853 ejus
2341 2769 2696 2854 noverant)
2745 2773 3062 2853 tanquam

958 2869 1209 2937 Christi
1255 2869 1569 2955 puerulus
1616 2890 1942 2955 exponere
1987 2875 2416 2936 consueverat
2467 2870 2554 2934 ad
2597 2869 2898 2956 flagella;
2945 2869 3062 2954 qui

956 2972 1207 3037 Christi
1284 2993 1517 3056 corpus
1582 2977 1651 3036 et
1718 2972 2114 3058 sanguinem
2179 2972 2417 3037 solitus
2485 2978 2630 3038 erat
2691 2972 2920 3037 offerre
2989 2973 3062 3035 in

955 3072 1170 3149 altari,
1262 3093 1515 3138 coram.
1570 3072 1768 3137 altari
1865 3072 2279 3158 prostratus‚⁵
2355 3072 2636 3138 effusum
2757 3073 3064 3138 manibus

956 3174 1311 3259 impiorum
1405 3173 1653 3238 obtulit
1757 3174 2116 3259 proprium.
2211 3174 2276 3237 N
2282 3196 2354 3239 ec
2441 3174 2636 3239 licuit
2742 3174 3064 3239 ministris

961 3274 1275 3339 Sathanze
1340 3275 1413 3338 in
1472 3273 1926 3340 immolatione
1973 3275 2280 3361 discipuli
2328 3280 2398 3339 et
2441 3275 2616 3341 servi
2651 3275 2838 3361 quod
2894 3297 3062 3361 prae-

958 3379 1242 3444 ambulis
1320 3401 1543 3444 eorum
1621 3379 1694 3443 in
1769 3379 2190 3445 crucifixione
2267 3380 2571 3465 Magistri
2633 3384 2702 3445 et
2776 3380 3067 3446 Domini.

960 3480 1263 3546 Christus
1332 3481 1527 3557 enim,
1602 3502 1688 3545 ne
1755 3480 1990 3546 civitas
2059 3482 2438 3557 foedaretur,
2505 3503 2588 3547 ne
2665 3482 3070 3567 pollueretur

954 3583 1322 3660 sabbatum,
1385 3582 1639 3667 judicio
1703 3582 1861 3647 licet
1905 3583 2136 3667 iniquo
2199 3584 2703 3668 praedamnatus
2775 3585 3068 3670 qualem-

954 3684 1215 3769 qualem
1234 3682 1259 3721 ⁶
1303 3683 1631 3770 allegandi
1696 3705 1814 3769 pro
1879 3706 1949 3748 se
1994 3688 2331 3769 acceperat
2375 3684 2776 3762 facultatem,
2841 3692 2910 3750 et
2977 3686 3068 3751 ab

954 3785 1115 3849 urbe
1162 3785 1437 3850 eductus
1460 3782 1486 3823 ⁷
1531 3788 1725 3849 extra
1769 3791 2027 3870 portam
2092 3785 2444 3851 crucifixus
2511 3792 2629 3862 est,
2699 3786 3068 3851 ministerio

954 3887 1186 3972 utique
1228 3886 1597 3973 gentilium,
1647 3887 1761 3971 qui
1807 3885 2024 3951 Deum
2047 3886 2072 3926 ⁸
2117 3908 2251 3952 non
2295 3894 2634 3969 noverant,
2682 3893 2752 3953 et
2781 3890 3064 3955 auctori-

954 3994 1095 4055 tate
1126 3989 1405 4075 publicae
1450 3990 1826 4073 potestatiS,
1871 3988 1976 4053 his
2021 4012 2204 4053 reum
2233 3988 2260 4027 ⁹
2305 3990 2752 4055 deferentibus
2783 4014 3067 4077 quorum

955 4089 1165 4177 legem
1210 4090 1394 4153 visus
1448 4094 1549 4155 est
1595 4090 2018 4175 impugnare‚'
2076 4089 2398 4176 discipulo
2463 4091 2602 4157 filio
2672 4094 3066 4179 perditionis

956 4192 1348 4276 proditionis
1388 4190 1735 4277 perfidiam
1782 4199 2196 4277 procurante.
2289 4193 2387 4256 At
2440 4194 2566 4259 iste
2589 4192 2640 4233 ¹⁰
2685 4215 2819 4259 non
2865 4196 3061 4259 modo

1022 4444 1037 4475 ¹
1074 4442 1318 4503 acerbam,
1342 4441 1396 4490 Z.
2127 4441 2149 4475 ⁶
2183 4442 2373 4506 qualem
2398 4443 2640 4509 (single),
2663 4443 2726 4495 Ο.

1020 4522 1042 4554 2
1083 4520 1289 4570 Christi
1308 4526 1375 4582 et,
1398 4534 1481 4569 om
1520 4519 1575 4569 Z.
2126 4520 2148 4557 7
2182 4522 2374 4583 ductu-3,
2402 4524 2466 4576 G.

1022 4602 1044 4634 ³
1078 4608 1143 4659 et,
1164 4614 1264 4651 om.
1290 4600 1347 4648 Ζ.
2124 4600 2146 4632 ⁸
2181 4600 2369 4662 Deum,
2392 4601 2465 4661 Z;
2503 4600 2789 4665 Dominum,
2815 4605 2881 4656 G.

1020 4679 1042 4711 ⁴
1075 4676 1375 4737 sacerdotes,
1398 4677 1460 4725 B.
2123 4678 2145 4710 ⁹
2179 4694 2362 4742 rerum,
2382 4680 2438 4730 Z.

1022 4758 1041 4790 ⁵
1072 4764 1384 4823 prostratum
1408 4756 1651 4820 etsusum,
1676 4755 1742 4817 O,
1764 4756 1824 4805 Z.
2129 4756 2169 4789 ¹⁰
2203 4756 2310 4819 ille,
2335 4760 2398 4810 Ο.
