3634 5800
606 2817 690 2869 On
712 2817 894 2869 bchalf

605 2884 667 2934 of
680 2883 767 2936 the

604 2948 787 3015 bishop
810 2952 874 3002 of

600 3014 883 3084 Salisbury.

945 844 1073 909 492
1824 854 2184 905 nmsromn.
2667 838 2827 922 [Am.
2862 836 3060 903 1171.

946 1043 1182 1107 melius
1228 1047 1450 1107 vestra
1494 1040 1760 1107 forsan¹
1792 1046 1863 1106 et
1907 1041 2167 1107 cautius
2211 1042 2459 1129 poterit
2505 1042 2803 1107 omnium
2851 1042 3054 1107 eccle-

942 1147 1189 1211 siarum
1265 1144 1653 1210 sollicitudo.
1770 1143 2009 1208 Valeat
2085 1144 2406 1209 sanctitas
2483 1148 2630 1209 vest
2638 1167 2730 1220 ra,
2795 1164 3054 1229 semper

944 1246 1137 1313 nobis
1182 1245 1514 1333 diligende
1558 1246 1730 1312 bone
1777 1250 1988 1332 pater.

1839 1808 2194 1875 DCOLIX.

1022 1992 1033 2001 ·
1074 1976 1461 2041 ARNULFUS
1509 1972 1976 2038 Laxovnmsm
2023 1986 2388 2037 nrrsoorus
2433 1986 2529 2036 An
2567 1987 2903 2037 Domum«

1596 2088 1829 2138 PAPAM
1874 2074 2394 2139 ALEXANDRUM.

1401 2238 1480 2300 (J.
1504 2239 1599 2299 4⁷;
1635 2237 1730 2288 Ar.
1756 2240 1857 2297 533
1893 2236 2017 2287 Rea.
2042 2237 2132 2287 des
2156 2235 2290 2286 nist.
2315 2235 2421 2285 xvi.
2442 2240 2588 2297 482.)

1032 2380 1159 2445 Pro
1235 2378 1600 2445 venerabili
1696 2382 1885 2463 patre
1975 2384 2203 2443 nostro
2278 2382 2347 2442 et
2421 2376 2634 2443 amico
2711 2377 3048 2443 carissimo

937 2482 984 2547 J
986 2483 1265 2548 oscelino
1312 2480 1779 2547 Salesberiensi
1810 2480 2114 2565 episcopo
2158 2480 2494 2565 majestati
2540 2484 2780 2547 vestrae
2825 2503 3049 2567 preces

937 2584 1325 2650 affectuosas
1370 2583 1704 2647 offerimus
1750 2586 1820 2647 et
1887 2581 2287 2667 benignitati
2334 2582 2610 2647 devotas
2678 2583 3045 2668 gratiarum

938 2686 1341 2751 exsolvimus
1387 2684 1696 2749 actiones,

1028 2787 1329 2875 Pepercit
1387 2787 1449 2851 ei
1517 2785 1965 2850 misericordia
2025 2788 2264 2861 vestra,
2334 2785 2863 2872 parcendumque
2920 2787 3046 2851 im-

941 2891 1259 2979 potentiae
1306 2889 1449 2976 ejus
1493 2888 1665 2954 ratio
1709 2886 2109 2974 postulabat,
2157 2886 2315 2972 quia
2358 2888 2691 2975 gravitate
2737 2891 3046 2976 corporiS,

940 2993 1161 3059 aetatis
1206 2997 1541 3078 provectu,
1572 2988 1918 3054 debilitate
1962 2989 2248 3075 plurima
2294 2990 2802 3072 circumventus,
2835 3013 3046 3076 quan·-

940 3101 1085 3162 tum
1131 3095 1459 3160 aestimare
1526 3113 1874 3178 possumus
1917 3091 2004 3155 ad
2050 3096 2338 3155 vestram
2407 3112 2542 3156 non
2611 3098 2834 3178 posset
2878 3115 3046 3179 prae-

938 3198 1221 3263 sentiam
1294 3197 1651 3282 pervenire.
1710 3193 1965 3279 ‘Super
2011 3214 2088 3258 eo
2157 3199 2384 3259 autem
2454 3216 2573 3280 pro
2643 3216 2776 3281 quo
2819 3198 3046 3282 gravi-

938 3321 1116 3365 orem
1179 3298 1240 3364 ei
1308 3296 1499 3362 vobis
1562 3294 1813 3381 placuit
1882 3295 2171 3380 irrogare
2235 3296 2652 3373 sententiam,
2714 3303 3042 3382 quantum

937 3401 1018 3466 de
1081 3400 1320 3465 intimo
1386 3396 1803 3464 conscientiae
1851 3396 2010 3481 ejuS,
2076 3400 2405 3481 quantum
2473 3397 2555 3461 de
2619 3397 2927 3484 opinione
2973 3406 3045 3464 et

934 3503 1365 3570 attestatione
1410 3499 1693 3586 publica,
1744 3502 2070 3582 quantum
2118 3498 2200 3561 de
2230 3497 2500 3584 propria
2545 3498 3043 3566 existimatione

932 3603 1393 3692 praesumimus
1458 3599 1634 3685 quod
1694 3599 1777 3662 ad
1850 3598 2100 3662 factum
2164 3597 2332 3662 illud
2402 3597 2828 3665 lamentabile
2876 3599 3042 3686 'per-

932 3708 1125 3783 tinet,
1170 3704 1440 3771 omnino
1485 3699 1811 3768 credimus
1856 3699 2316 3778 innocentem;
2363 3699 2521 3784 quia
2566 3722 2686 3766 nec
2729 3701 3044 3768 honestas

929 3807 1233 3884 hominis,
1304 3825 1423 3869 nec
1496 3801 1790 3868 liberalis
1866 3801 2074 3865 animi
2152 3805 2315 3865 nota
2390 3803 2846 3880 mansuetudO,
2919 3825 3044 3870 nec

931 3911 1094 3977 adeo
1139 3913 1245 3973 tot
1287 3905 1639 3971 informata
1683 3903 2109 3988 temporibus,
2155 3908 2260 3968 tot
2319 3905 2792 3989 experimentis
2836 3905 3042 3972 altius

932 4011 1195 4078 erudita
1268 4009 1530 4096 providi
1606 4007 1779 4071 senis
1875 4005 2230 4091 prudentia
2304 4005 2706 4072 descivisset
2838 4009 3039 4075 Porro

932 4115 1243 4180 voluntas
1289 4111 1407 4176 illa
1452 4110 1539 4176 ab
1582 4108 1688 4173 his
1734 4129 1775 4173 a
1821 4107 2064 4192 quibus
2095 4128 2260 4193 opus
2307 4107 2477 4172 illud
2524 4113 2664 4173 tam
2711 4111 3042 4177 malitiose

928 4215 1347 4284 commissum
1424 4217 1526 4276 est
1603 4209 1783 4276 omni
1858 4208 2082 4273 studio
2161 4209 2553 4275 servabatur
2628 4211 3037 4292 abscondita,

926 4341 1012 4385 ne
1056 4318 1161 4404 cuj
1170 4336 1448 4402 usquam
1494 4311 1909 4399 praescientia
1953 4310 2250 4395 concepti
2296 4310 2599 4376 maleficii
2645 4314 3042 4400 praepediret

927 4421 1251 4488 effectum.
1346 4415 1511 4498 Quis
1557 4435 1714 4479 vero
1763 4413 1880 4499 qui
1927 4412 2248 4498 ejusmodi
2310 4412 2587 4478 malitiae
2633 4417 3038 4501 concepisset

925 4525 1239 4592 affectum
1325 4539 1619 4606 personae
1718 4516 2047 4600 cuiquam,
2121 4509 2487 4600 praesertim
2563 4517 3037 4597 ecclesiastices,

1526 4767 1543 4800 ¹
1562 4767 1773 4833 forsan,
1796 4767 1842 4819 C
1861 4787 1875 4827 3
1891 4767 2040 4833 forte
2063 4772 2247 4819 vestra.
2273 4767 2338 4818 G.
