3634 5800
875 863 1005 926 214
1780 878 2141 929 EPJSTOLAE.
2594 864 2754 947 [ΛΦ.
2784 859 2981 932 1170.

537 1069 818 1150 ᾼιιιιοιιιιο-
967 1064 1251 1131 Noverit
1297 1065 1628 1130 industria
1657 1068 1883 1129 vestra
1930 1064 2106 1149 quod
2153 1085 2273 1130 nos
2304 1063 2715 1130 venerabiles
2745 1063 2983 1130 fratres

537 1137 776 1256 ἓξὲξ,
874 1171 1134 1233 nostros
1198 1166 1567 1232 Rotrodum
1634 1165 2237 1253 Rothomagensem
2300 1165 2865 1252 archiepiscopum
2914 1169 2985 1232 et

540 1274 670 1321 sion.
876 1269 1286 1335 Bernardum
1351 1269 1834 1334 Nivernensem
1897 1268 2274 1355 episcopum
2321 1270 2406 1334 ad
2469 1267 2795 1334 illustrem
2839 1268 2980 1333 An-

874 1370 1132 1457 glorum
1178 1392 1416 1457 regem,
1463 1390 1582 1455 pro
1647 1391 1806 1455 pace
1854 1373 1923 1434 et
1990 1369 2522 1436 reconciliatione
2584 1369 2981 1436 venerabilis

875 1471 1100 1537 fratris
1204 1472 1412 1536 nostri
1521 1470 1792 1536 Thomae
1901 1469 2400 1536 Cantuariensis
2490 1470 2981 1557 archiepiscopi,

877 1574 1370 1652 destinavimus,
1418 1574 1512 1638 eis
1557 1574 1794 1640 dantes
1856 1574 1925 1638 in
1974 1572 2306 1640 mandatis
2354 1579 2423 1640 et
2467 1573 2747 1640 firmiter
2812 1595 2979 1660 prae-

878 1677 1196 1761 cipientes
1273 1676 1468 1762 quod,
1563 1676 1696 1741 nisi
1763 1676 1942 1741 idem
1974 1677 1997 1716 ¹
2064 1697 2186 1741 rex
2250 1677 2337 1742 ad
2404 1697 2630 1763 pacem
2696 1681 2767 1742 et
2828 1697 2982 1742 con-

878 1779 1184 1856 cordiam,
1231 1779 1592 1844 secundum
1638 1779 1813 1864 quod
1860 1779 2052 1844 nobis
2113 1801 2231 1865 per
2291 1779 2549 1845 litteras
2596 1784 2665 1844 et
2708 1780 2981 1845 nuntios

881 1903 1034 1948 suos
1108 1881 1435 1966 promisit,
1513 1881 1598 1946 ad
1693 1881 2200 1948 comonitionem
2272 1880 2535 1946 illorum
2556 1880 2583 1920 2
2674 1880 2979 1947 inclinari

880 1985 1191 2072 potuerit,
1258 1988 1469 2049 totam
1538 1987 1784 2048 terram
1853 1983 1995 2069 ejus
2042 2005 2191 2069 quae
2215 1981 2242 2022 ³
2309 2005 2511 2070 regno
2581 1984 2981 2050 Francorum

881 2085 1202 2163 consistit,
1246 2085 1426 2150 omni
1465 2085 2013 2152 'contradictione
2082 2091 2152 2151 et
2220 2085 2663 2173 appellatione
2710 2091 2981 2164 remota,

881 2188 1240 2273 subjiciant
1299 2187 1675 2265 interdicto,
1729 2193 1798 2254 et
1866 2189 1937 2252 in
2004 2210 2083 2253 ea
2152 2189 2375 2253 omnia
2439 2189 2672 2254 divina
2740 2195 2983 2274 praeter

880 2291 1212 2377 baptisma
1257 2289 1682 2376 parvulorum
1745 2296 1816 2356 et
1876 2292 2305 2380 poenitentias
2366 2292 2788 2357 morientium
2833 2313 2982 2378 pro-

879 2393 1156 2458 hibeant
1231 2392 1560 2458 celebrari.
1655 2393 1819 2458 Inde
1896 2393 2225 2478 siquidem
2301 2399 2404 2458 est
2471 2394 2646 2479 quod
2716 2394 2983 2458 univer-

883 2497 1068 2561 sitati
1116 2502 1374 2575 vestrae,
1421 2518 1538 2583 per
1583 2497 1948 2583 apostolica
2000 2498 2246 2582 scripta
2291 2498 2752 2584 praecipiendO,
2798 2519 2983 2562 man-

883 2600 1133 2675 damuS,
1195 2604 1264 2663 et
1339 2598 1462 2662 sub
1539 2619 1740 2684 poena
1814 2599 2068 2663 ordinis
2144 2604 2211 2664 et
2287 2597 2501 2677 officii,
2579 2600 2651 2664 in
2727 2601 2982 2664 virtute

881 2701 1291 2776 obedientiae,
1355 2699 1544 2765 vobis
1619 2701 2055 2786 injungimuS,
2136 2707 2465 2786 quatenus
2488 2701 2513 2739 ⁴
2588 2702 2985 2767 sententiam

883 2824 1081 2890 quam
1173 2802 1692 2889 praenominatus
1723 2803 1748 2840 ⁵
1842 2801 2342 2867 cantuariensis
2420 2803 2492 2868 in
2578 2803 2985 2889 provinciam

882 2928 1068 2971 suam
1147 2926 1340 2992 super
1408 2904 1531 2969 hoc
1596 2904 1874 2993 tulerit?
1940 2906 2191 2971 nullius
2261 2907 2515 2984 timore,
2581 2906 2813 2990 gratia,
2880 2907 2985 2971 vel

881 3007 1326 3093 prohibitione
1372 3007 1696 3080 obstante.
1744 3030 1865 3094 per
1912 3014 2165 3074 vestras
2226 3008 2586 3094 parochias,
2632 3008 2813 3073 omni
2874 3030 2986 3073 ex-

883 3111 1219 3177 cusatione
1266 3116 1336 3175 et
1401 3110 1849 3196 appellatione
1919 3116 2192 3189 remota,
2258 3112 2539 3177 firmiter
2607 3112 2988 3187 observetis,

884 3220 950 3278 ct
996 3214 1082 3277 ab
1128 3212 1434 3277 omnibus
1479 3211 1760 3289 faciatis,
1809 3217 2139 3297 quantum
2208 3213 2281 3276 in
2328 3213 2518 3278 vobis
2565 3218 2681 3291 est,
2730 3213 2990 3279 irrefra-

880 3314 1192 3401 gabiliter
1237 3314 1584 3379 observari.

975 3416 1229 3481 Datum
1277 3416 1668 3493 Beneventi,
1715 3416 2109 3482 duodecimo
2155 3417 2474 3483 kalendas
2520 3418 2766 3484 Martii.

953 3644 968 3675 ¹
1006 3643 1151 3705 idem,
1175 3644 1231 3693 Z.
2054 3646 2073 3676 ⁴
2110 3646 2365 3707 quatinus,
2386 3646 2442 3695 Z.

947 3723 969 3755 ²
1004 3722 1217 3783 illorum,
1239 3724 1308 3782 Ζς
1344 3738 1528 3782 aarum,
1547 3724 1609 3773 L.
2052 3722 2073 3754 ⁶
2106 3723 2443 3788 ειῳηᾰίεωε,
2465 3724 2523 3775 Ζ.

949 3802 970 3833 3
1007 3800 1142 3851 ultra
1167 3815 1318 3863 mare,
1339 3800 1422 3851 for
1455 3802 1510 3850 in
1537 3818 1690 3867 reqno
1713 3801 1887 3851 Fran·
2051 3801 2073 3835 ⁶
2108 3800 2354 3864 intulerit,
2376 3802 2434 3853 Z.

881 3895 1066 3941 corum,
1087 3878 1144 3928 Z.
