3634 5800
695 875 828 926 Aa).
869 855 1090 944 1170]
1570 874 1932 925 srrs'romz.
2678 855 2806 922 245

1459 1193 1470 1202 ’
1575 1239 1940 1306 DCXLIV.

707 1394 998 1461 Tuoms
1067 1394 1634 1462 Omrmmmffls
1707 1409 2297 1459 Ancmsmscorus
2372 1393 2762 1458 Bnmmo
2782 1393 2809 1432 ²

886 1495 954 1560 N
957 1512 1337 1562 mmmm-31
1416 1511 1762 1571 nr1scor0,
1861 1495 2023 1578 (sun
2108 1509 2449 1561 Amnmus
2536 1511 2810 1561 nomme

885 1612 1194 1663 rnor'rnn
1235 1596 1588 1680 msmm.)

945 1747 1200 1811 (Δ.,244
1234 1745 1528 1808 o.ii.;249
1565 1746 1819 1808 z..;v12
1854 1747 2188 1811 ῙιηΡΗνΙΞ,
2220 1745 2575 1809 ΤΙιοωΗΙΑΟ)

799 1873 1067 1960 Dirigat
1135 1873 1462 1940 Dominus
1526 1895 1786 1962 gressus
1854 1879 2127 1952 vestros,
2190 1879 2271 1940 ut
2332 1876 2405 1940 in
2451 1895 2648 1940 causa
2708 1895 2811 1940 ec·
2836 1894 3089 1960 waming

709 1975 942 2053 clesiae,
985 1977 1088 2062 cuj
1096 1998 1176 2040 us
1237 1976 1572 2042 exsecutio
1616 1977 1806 2042 vobis
1875 1997 1994 2062 pro
2058 1983 2247 2062 parte
2308 1977 2650 2042 commissa
2694 1982 2811 2053 est,
2838 1961 3045 2026 against

711 2099 848 2143 non
892 2079 1234 2144 declinetis
1289 2079 1376 2142 ad
1421 2079 1766 2144 dexteram
1813 2078 1923 2143 vel
1966 2079 2053 2144 ad
2072 2077 2099 2116 ²
2142 2079 2498 2156 sinistram,
2543 2079 2658 2143 sed
2702 2079 2815 2144 via
2840 2029 3039 2158 Ηιὲξη.

712 2181 894 2266 regia
940 2180 1280 2257 incedatis,
1327 2184 1406 2245 ut
1449 2201 1572 2245 nec
1615 2179 2213 2257 sollicitationibus,
2259 2203 2381 2246 nec
2435 2181 2649 2258 minis,
2696 2203 2817 2246 nec

715 2281 1067 2366 exquisitis
1111 2281 1280 2346 dolis
1323 2281 1686 2366 praevaleat
1729 2283 2047 2346 adversus
2094 2282 2521 2368 prudentiam
2566 2287 2638 2348 et
2680 2283 2815 2346 sin-

715 2383 1062 2448 ceritatem
1137 2389 1448 2456 vestram,
1518 2384 1708 2468 cujus
1785 2384 2160 2450 tendiculas
2220 2383 2446 2449 nullus
2521 2406 2816 2469 unquam

715 2485 932 2549 evasit
976 2485 1091 2570 qui
1136 2507 1286 2550 cum
1333 2487 1480 2571 ipso
1523 2487 1946 2552 contraxerit.
2042 2487 2147 2564 Et,
2192 2488 2323 2551 nisi
2368 2487 2580 2564 fallor,
2628 2487 2819 2551 vobis

718 2587 1150 2673 pugnandum
1198 2589 1326 2652 erit
1376 2589 1462 2653 ad
1505 2589 1772 2666 bestias,
1822 2611 1971 2653 cum
2021 2590 2165 2675 ipse
2208 2589 2562 2674 episcopos,
2616 2589 2817 2653 abba-

716 2696 835 2766 ωε,
905 2695 976 2754 et
1019 2691 1198 2754 viros
1265 2691 1546 2756 disertos
1564 2689 1592 2729 ³
1656 2691 2101 2776 producturus
2120 2690 2147 2728 ⁴
2209 2692 2316 2767 sit,
2376 2697 2455 2754 ut
2522 2712 2642 2775 per
2710 2711 2817 2754 eos

717 2796 1058 2876 expugnet
1103 2792 1540 2856 constantiam
1577 2797 1885 2870 vestram,
1916 2791 1973 2855 si
2018 2792 2434 2876 praesenserit
2479 2791 2655 2876 quod
2700 2811 2819 2854 vos

715 2893 1054 2977 promissis
1076 2891 1102 2931 ⁶
1169 2898 1238 2957 et
1307 2892 1762 2979 blandiloquio
1830 2894 2307 2959 circumvenire
2381 2915 2517 2959 non
2592 2892 2819 2979 possit.

723 2993 898 3072 Quia
961 3015 1116 3079 ergo
1183 2992 1586 3079 multiplices
1660 2995 1843 3059 illius
1907 2996 2195 3081 prodigii
2264 2996 2449 3060 fucos
2517 3016 2653 3061 non
2722 2998 2825 3059 est

719 3095 912 3160 facile
989 3094 1498 3181 deprehendere,
1566 3097 1893 3181 quidquid
1960 3098 2229 3181 dixerit,
2294 3118 2775 3181 quamcumque
2796 3094 2824 3133 ⁶

719 3200 1001 3284 figuram
1067 3196 1350 3263 induat⁷
1409 3206 1550 3263 tam
1619 3199 1758 3283 ipse
1777 3197 1802 3237 ⁸
1867 3220 2065 3284 quam
2136 3200 2358 3263 omnia
2426 3200 2569 3283 ejus
2632 3198 2823 3264 vobis

719 3304 1024 3384 suspecta
1087 3298 1242 3376 sint,
1289 3306 1356 3363 et
1417 3298 1697 3363 fallaciae
1765 3300 1971 3384 plena,
2036 3321 2174 3363 esse
2244 3300 2621 3377 credantur,
2690 3300 2821 3363 nisi

723 3421 1006 3485 quorum
1067 3401 1267 3465 fidem
1313 3399 1652 3465 manifesti
1699 3402 1916 3485 operis
1971 3398 2301 3465 exhibitio
2346 3400 2819 3486 comprobabit.

726 3500 802 3567 Si
851 3523 1006 3566 vero
1069 3502 1350 3567 senserit
1415 3501 1595 3585 quod
1640 3522 1760 3565 vos
1824 3508 1947 3565 aut
2009 3502 2349 3587 promissis
2410 3523 2825 3586 corrumpere

725 3602 965 3680 valeat,
1010 3607 1131 3668 aut
1191 3604 1390 3667 minis
1435 3602 1784 3679 deterrere,
1828 3609 1909 3666 ut
1952 3602 2207 3687 aliquid
2253 3603 2553 3668 obtineat
2596 3610 2827 3669 contra

725 3706 1142 3771 honestatem
1221 3712 1514 3770 vestram
1601 3712 1670 3770 et
1751 3728 1963 3771 causae
2044 3706 2567 3785 indemnitatem,
2646 3704 2825 3771 illico

727 3814 950 3873 vestra
995 3808 1174 3892 apud
1206 3829 1356 3871 eum
1401 3828 1668 3893 prorsus
1714 3814 2061 3873 evanescet
2103 3810 2479 3883 auctoritas,
2528 3815 2597 3873 et
2642 3808 2825 3873 eritis

725 3914 866 3973 tam
929 3909 1030 3973 illi
1093 3929 1292 3994 quam
1357 3908 1494 3971 suis
1561 3908 1634 3971 in
1701 3914 2174 3994 contemptum,
2238 3910 2313 3972 in
2376 3908 2687 3983 fabulam,
2756 3908 2829 3972 in

729 4010 1034 4075 derisum.
1159 4010 1282 4074 Sin
1345 4014 1572 4073 autem
1641 4008 1891 4073 viderit
1956 4010 2135 4095 quod
2202 4031 2322 4075 vos
2388 4031 2429 4075 a
2492 4010 2830 4095 proposito

728 4112 992 4178 flectere
1053 4116 1362 4196 nequeat,
1407 4110 1696 4175 furorem
1765 4110 2110 4174 simulabit
2155 4111 2228 4175 in
2289 4111 2537 4196 primis,
2574 4110 2833 4193 jurabit

731 4220 801 4281 et
846 4214 1189 4300 dejerabit,
1238 4210 1598 4279 Prothoum
1652 4213 2049 4293 imitabitur,
2096 4218 2167 4277 et
2210 4213 2483 4278 tandem
2542 4218 2833 4277 reverte-

856 4372 919 4377 -—
1018 4368 1159 4375 -.-..——-
1408 4365 1611 4372 ——-—

799 4442 816 4475 ¹
853 4439 1146 4499 Bet-nardo,
1170 4440 1243 4501 A,
1267 4440 1338 4499 Ζ;
1374 4452 1474 4488 om.
1498 4438 1558 4487 L.
1900 4440 1921 4467 ⁸
1946 4438 2269 4502 promisistis,
2296 4438 2375 4497 03
2411 4452 2541 4488 corr.
2565 4440 2637 4493 A.

796 4520 820 4553 ²
852 4519 938 4579 ad,
961 4520 1030 4579 Z;
1065 4534 1165 4568 om.
1191 4518 1250 4567 L.
1902 4516 1925 4548 ⁶
1956 4523 2305 4579 mutatumque,
2328 4516 2399 4565 V.

801 4597 824 4631 ⁸
851 4598 1082 4657 disertos,
1107 4598 1179 4655 Z;
1214 4596 1472 4655 discretos,
1493 4594 1555 4645 1..
1898 4594 1919 4631 7
1953 4594 2180 4654 inducat,
2206 4593 2273 4644 L.

799 4679 820 4710 ⁴
847 4676 1206 4742 productum,
1244 4676 1312 4737 A,
1354 4675 1434 4735 03
1464 4673 1734 4739 perductu—
1899 4672 1923 4705 ⁸
1958 4674 2083 4735 ipse,
2106 4672 2177 4734 A,
2200 4672 2263 4733 Ο,
2288 4673 2359 4733 Ζ;
2396 4688 2497 4723 om.
2522 4674 2582 4724 L.

731 4772 834 4813 m.
858 4757 919 4805 L.
