3634 5800
580 2390 687 2468 Th‘?
709 2404 857 2442 coro·

578 2462 768 2507 nation-

930 868 1060 935 366
1808 882 2170 934 EPISTOLAE.
2649 868 2807 953 [nn.
2843 866 3033 935 1170.

927 1067 1181 1133 dictum
1246 1088 1467 1155 regem
1531 1067 1613 1134 de
1674 1068 2060 1135 melioribus
2135 1073 2206 1133 et
2261 1068 2626 1155 majoribus
2701 1069 3028 1137 fratribus

924 1170 1205 1249 nostris;
1272 1170 1571 1235 misimus
1634 1175 1705 1236 et
1764 1169 1932 1235 alias
1996 1168 2468 1237 ecclesiasticas
2529 1192 2881 1257 personas3
2955 1176 3029 1235 et

923 1271 1333 1356 speravimus
1352 1268 1376 1309 ¹
1422 1270 1599 1357 quod
1642 1269 1895 1336 duritia
1957 1268 2100 1355 ejus
2143 1269 2218 1333 in
2261 1275 2492 1336 nostra
2536 1272 2917 1337 humilitate
2961 1276 3032 1335 et

921 1372 1430 1437 mansuetudine
1474 1372 1901 1457 frangeretur,
1933 1374 2004 1435 et
2033 1360 2226 1437 fieret
2267 1371 2447 1457 quod
2491 1371 2805 1439 Salomon
2827 1373 3028 1439 dicit:

920 1480 956 1507 “
978 1472 1318 1541 Patientia
1376 1472 1663 1538 lenietur
1684 1470 1710 1509 ²
1752 1472 2076 1559 princeps,
2131 1478 2202 1537 et
2230 1472 2463 1559 lingua
2507 1473 2728 1538 mollis
2771 1474 3027 1559 frangit

922 1580 962 1611 “
1007 1574 1229 1639 iram.’'
1293 1574 1445 1660 Ipse
1478 1595 1632 1641 vero
1694 1571 1914 1657 [rex³],
1963 1572 2422 1639 sufferentiam
2452 1580 2749 1641 nostram
2794 1575 3022 1639 multi-

919 1676 1083 1763 plici
1176 1675 1547 1763 legatorum
1620 1682 1765 1741 arte
1851 1676 2188 1756 deludenS,
2243 1698 2454 1762 usque
2527 1678 2692 1744 adeo
2794 1685 3024 1744 contra

918 1778 1182 1844 monita
1253 1783 1483 1844 nostra
1556 1778 1829 1843 videtur
1901 1778 2200 1843 animum
2283 1778 2664 1859 obdurasse,
2744 1784 2825 1845 ut
2902 1802 3024 1845 nec

918 1885 1148 1945 contra
1208 1879 1761 1966 praenomiuatum
1823 1879 2386 1965 archiepiscopum
2448 1879 2805 1957 deferveat,
2887 1902 3012 1947 nec

920 1982 1003 2047 de
1052 1982 1378 2067 perversis
1447 1981 1719 2047 statutis
1786 1980 1922 2047 illis
1981 1981 2344 2067 quidquam
2405 1980 2621 2047 minui
2681 1982 3017 2069 patiatur-3

918 2083 1121 2149 immo
1180 2094 1250 2149 et
1308 2083 1521 2169 ipsam
1574 2082 2119 2149 Cantuariensem
2183 2083 2517 2150 ecclesiam
2562 2083 2852 2171 plurimo
2896 2084 3007 2149 dc-

917 2185 1232 2251 trimento
1312 2186 1791 2271 possessionum
1873 2208 2144 2252 suarum
2225 2186 2488 2265 afficiat,
2569 2194 2641 2253 et
2723 2188 2797 2251 in
2874 2187 3019 2272 ipso

916 2309 1061 2353 eam
1080 2284 1109 2325 ⁴¹
1152 2286 1584 2353 ecclesiastico
1628 2288 2001 2354 ministerio
2047 2288 2330 2375 antiqua
2380 2288 2624 2374 spoliet
2667 2289 3015 2375 dignitate.

914 2389 1151 2476 Nuper
1196 2390 1372 2455 enim
1433 2410 1583 2456 cum
1646 2390 1862 2456 filium
1921 2412 2118 2455 suum
2179 2392 2477 2457 coronari
2521 2391 2832 2468 voluerit,
2863 2413 3017 2457 con-

912 2496 1169 2577 tempto
1228 2491 1454 2557 eodem
1537 2491 2024 2579 archiepiscopo
2085 2491 2174 2558 ad
2231 2492 2420 2578 cujus
2504 2492 2628 2559 hoc
2649 2490 2678 2527 ⁶
2737 2492 3018 2559 officium

911 2594 993 2658 de
1022 2594 1298 2679 antiquo
1334 2593 1487 2679 jure
1527 2592 1771 2659 dicitur
1799 2594 2150 2680 pertinere,
2186 2616 2304 2679 per
2347 2616 2618 2659 manum
2647 2599 2849 2672 tuam,
2879 2594 3018 2658 fra-

908 2701 1013 2761 ter
1042 2694 1544 2781 archiepiscope,
1584 2693 1691 2771 ei,⁶
1739 2696 1811 2759 in
1843 2694 2062 2761 aliena
2090 2696 2446 2781 provincia,
2479 2696 2781 2761 diadema
2797 2695 2823 2737 ⁷
2866 2696 3023 2761 fecit

911 2798 1180 2885 imponi.
1274 2797 1358 2861 In
1404 2797 1826 2863 coronatione
1869 2801 2095 2864 autem
2141 2797 2320 2863 illius
2351 2797 2538 2865 nulla
2581 2818 2667 2862 ex
2709 2820 2890 2863 more
2935 2798 3017 2861 de

908 2901 1361 2968 conservanda
1428 2899 1718 2966 ecclesiae
1763 2901 2075 2966 libertate
2119 2899 2343 2966 cautio
2389 2905 2491 2965 est
2535 2901 2858 2985 praestita,
2906 2899 3015 2964 vel

908 3003 1113 3087 (sicut
1136 3004 1372 3086 ajunt,)
1404 3008 1654 3080 exacta,
1675 3002 1793 3068 sed
1813 3003 2198 3087 juramento
2227 3002 2449 3090 potius
2471 3003 2793 3068 asseritur
2809 2998 2836 3040 ⁸
2863 3023 3013 3069 con-

908 3103 1263 3181 firmatum,
1286 3109 1367 3168 ut
1410 3104 1598 3190 regni
1628 3102 2138 3170 consuetudines
2171 3125 2334 3188 quas
2364 3102 2582 3168 avitas
2611 3103 2860 3180 dicunt,
2892 3103 3015 3168 sub

909 3204 1149 3289 quibus
1181 3204 1471 3290 dignitas
1522 3204 1939 3291 periclitatur
1979 3204 2286 3280 ecclesiae,
2323 3203 2614 3270 illibatas
2637 3205 2820 3270 omni
2850 3209 3014 3270 tem-

908 3327 1067 3391 pore
1086 3307 1324 3372 debeat
1354 3327 1753 3373 conservare.
1800 3307 1887 3372 In
1911 3327 2060 3392 quo,
2081 3306 2209 3372 etsi
2238 3305 2528 3370 multum
2547 3307 3020 3393 praenominati

907 3407 1079 3500 regis
1111 3407 1528 3472 vehementia
1555 3429 1675 3473 nos
1706 3407 2077 3484 conturbat,
2101 3407 2388 3494 amplius
2411 3411 2638 3473 tamen
2679 3407 2762 3472 de
2792 3414 3016 3475 vestra

910 3511 979 3574 et
1008 3508 1285 3574 aliorum
1332 3508 1859 3594 coepiscoporum
1891 3507 2312 3573 nostrorum⁹
2357 3530 2704 3596 possumus
2735 3509 3012 3575 infirmi-

909 3615 1049 3676 tate
1092 3610 1386 3689 moveri3
1440 3609 1554 3695 qui
1586 3611 1791 3695 (quod
1823 3610 2119 3676 dolentes
2166 3610 2476 3694 dicimus)
2524 3620 2556 3646 “
2579 3612 2742 3678 facti
2773 3613 2945 3678 sicut
2965 3611 3010 3652 ¹⁰

910 3720 945 3747 “
990 3713 1228 3776 arietes
1256 3733 1393 3777 non
1421 3710 1736 3776 habentes
1768 3732 2026 3788 cornua,
2051 3711 2310 3776 abiistis
2343 3713 2590 3798 absque
2619 3714 3014 3780 fortitudine

910 3823 945 3847 “
990 3819 1147 3878 ante
1204 3811 1445 3878 faciem
1494 3811 2008 3898 subsequentis.'’
2103 3814 2252 3880 Etsi
2298 3813 2496 3880 licere
2541 3815 2739 3880 forte-
2760 3815 2934 3879 enim
2958 3813 3009 3852 ¹¹

909 3913 1139 3998 [hoc¹²]
1186 3911 1330 3991 tibi,
1351 3913 1562 3978 frater
1602 3914 2100 4002 archiepiscope,
2123 3917 2198 3980 in
2235 3916 2501 4001 propria
2521 3915 2865 4002 provincia
2891 3935 3012 4001 po-

972 4142 988 4175 ¹
1026 4141 1353 4207 speravimus,
1386 4141 1453 4203 A,
1486 4141 1557 4199 Ζ;
1588 4141 1901 4205 paravimus,
2075 4141 2097 4172 ⁹
2129 4148 2414 4197 vestrorum.
2433 4141 2497 4191 1..

906 4221 985 4279 0;
1019 4220 1323 4286 putavimus,
1344 4217 1405 4267 L.
2079 4217 2121 4250 ¹⁰
2153 4219 2301 4280 sicut,
2323 4220 2395 4282 A,
2420 4219 2491 4280 23
2525 4230 2664 4280 sum,
2698 4221 2779 4284 L;
2811 4237 2912 4272 om.
2948 4222 3010 4273 O.

968 4300 991 4333 ²
1023 4299 1241 4358 linietur,
1266 4295 1326 4356 C,
1351 4295 1422 4356 V,
1444 4296 1506 4348 Ο.
2013 4299 2072 4360 (“
2089 4295 2237 4346 Facti
2273 4304 2396 4346 sunt
2428 4295 2681 4362 principes
2719 4298 2830 4362 ejus
2871 4300 3012 4350 velut

967 4378 988 4410 ³
1019 4395 1129 4437 rex,
1148 4376 1223 4437 03
1258 4391 1358 4426 om.
1382 4375 1453 4438 A,
1477 4375 1535 4435 Z,
1556 4375 1615 4424 L.
2009 4379 2042 4406 “
2077 4375 2260 4426 arietes
2295 4392 2400 4426 non
2431 4376 2746 4428 invenientes
2787 4393 3008 4443 pascum

969 4457 991 4489 ⁴
1024 4470 1199 4516 causa,
1222 4454 1286 4505 0.
1347 4454 1353 4461 ’
2010 4458 2040 4483 “
2076 4463 2130 4505 et
2183 4454 2417 4506 abierunt
2471 4456 2659 4520 absque
2714 4455 3013 4508 fortitudine

968 4536 989 4568 ⁶
1023 4535 1133 4596 hoc,
1155 4549 1255 4584 om.
1278 4533 1339 4585 C.
2012 4536 2044 4560 “
2078 4541 2197 4583 ante
2319 4533 2507 4584 faciem
2610 4535 3011 4600 subsequentis.”

970 4615 990 4646 ⁶
1024 4614 1087 4668 ei,
1110 4614 1181 4672 A,
1206 4614 1279 4672 Z3
1315 4619 1379 4673 et,
1402 4611 1463 4660 L.
2011 4611 2154 4661 Lam.
2179 4611 2213 4661 i.
2239 4615 2314 4674 6.)

968 4691 990 4729 ’ἴ
1022 4691 1164 4756 req-ni
1184 4690 1250 4751 ei,
1274 4689 1316 4741 C
1336 4711 1350 4750 ς
1385 4703 1486 4740 om.
1510 4690 1572 4740 L.
2077 4689 2114 4724 ¹¹
2151 4689 2296 4752 mim,
2319 4706 2420 4741 om.
2444 4691 2505 4740 L.

968 4769 990 4801 Β
1024 4770 1288 4829 asseritur,
1314 4769 1376 4829 C,
1398 4769 1436 4817 Z
1459 4787 1474 4828 ς
1510 4767 1718 4828 dicitur,
1742 4767 1811 4827 A,
1837 4768 1899 4818 L.
2079 4768 2119 4800 ¹²
2153 4767 2264 4832 hoc,
2287 4769 2330 4822 C
2354 4789 2371 4830 ε
2405 4785 2504 4820 om.
2528 4771 2597 4833 A,
2619 4769 2678 4831 Z,
2702 4771 2762 4822 L.
